%YAML 1.1
%TAG !u! tag:unity3d.com,2011:
--- !u!1 &37716087714439971
GameObject:
  m_ObjectHideFlags: 0
  m_CorrespondingSourceObject: {fileID: 0}
  m_PrefabInstance: {fileID: 0}
  m_PrefabAsset: {fileID: 0}
  serializedVersion: 6
  m_Component:
  - component: {fileID: 3953781468091617584}
  - component: {fileID: 6364893102016773194}
  - component: {fileID: 8332806662484052321}
  - component: {fileID: 8332806662484052320}
  - component: {fileID: 8332806662484052322}
  - component: {fileID: 9211759081102349149}
  - component: {fileID: -4266517557978848399}
  m_Layer: 0
  m_Name: Eau_Caster
  m_TagString: Enemy
  m_Icon: {fileID: 0}
  m_NavMeshLayer: 0
  m_StaticEditorFlags: 0
  m_IsActive: 1
--- !u!4 &3953781468091617584
Transform:
  m_ObjectHideFlags: 0
  m_CorrespondingSourceObject: {fileID: 0}
  m_PrefabInstance: {fileID: 0}
  m_PrefabAsset: {fileID: 0}
  m_GameObject: {fileID: 37716087714439971}
  m_LocalRotation: {x: -0, y: -0.9999296, z: 0, w: -0.01186785}
  m_LocalPosition: {x: 234.82039, y: -0.00000047683716, z: 14.319025}
  m_LocalScale: {x: 1, y: 1, z: 1}
  m_Children:
  - {fileID: 4009904515628831660}
  - {fileID: 1232535104234446554}
  - {fileID: 8332806662676127591}
  m_Father: {fileID: 0}
  m_RootOrder: 0
  m_LocalEulerAnglesHint: {x: 0, y: -181.36, z: 0}
--- !u!95 &6364893102016773194
Animator:
  serializedVersion: 3
  m_ObjectHideFlags: 0
  m_CorrespondingSourceObject: {fileID: 0}
  m_PrefabInstance: {fileID: 0}
  m_PrefabAsset: {fileID: 0}
  m_GameObject: {fileID: 37716087714439971}
  m_Enabled: 1
  m_Avatar: {fileID: 9000000, guid: 38662abd5fde561419c617efcf203577, type: 3}
  m_Controller: {fileID: 9100000, guid: afdba05def20adb4891938a560313732, type: 2}
  m_CullingMode: 1
  m_UpdateMode: 0
  m_ApplyRootMotion: 0
  m_LinearVelocityBlending: 0
  m_WarningMessage: 
  m_HasTransformHierarchy: 1
  m_AllowConstantClipSamplingOptimization: 1
  m_KeepAnimatorControllerStateOnDisable: 0
--- !u!54 &8332806662484052321
Rigidbody:
  m_ObjectHideFlags: 0
  m_CorrespondingSourceObject: {fileID: 0}
  m_PrefabInstance: {fileID: 0}
  m_PrefabAsset: {fileID: 0}
  m_GameObject: {fileID: 37716087714439971}
  serializedVersion: 2
  m_Mass: 100
  m_Drag: 100
  m_AngularDrag: 0.05
  m_UseGravity: 1
  m_IsKinematic: 0
  m_Interpolate: 0
  m_Constraints: 0
  m_CollisionDetection: 0
--- !u!114 &8332806662484052320
MonoBehaviour:
  m_ObjectHideFlags: 0
  m_CorrespondingSourceObject: {fileID: 0}
  m_PrefabInstance: {fileID: 0}
  m_PrefabAsset: {fileID: 0}
  m_GameObject: {fileID: 37716087714439971}
  m_Enabled: 1
  m_EditorHideFlags: 0
  m_Script: {fileID: 11500000, guid: de9c70d5e04f7ad419877b38eeb5ed83, type: 3}
  m_Name: 
  m_EditorClassIdentifier: 
  agent: {fileID: 8332806662484052322}
  target: {fileID: 0}
  projectile: {fileID: 7430700384322337022, guid: dd166323814125747812a7a79da17be6,
    type: 3}
  projectileEmitter: {fileID: 8332806662676127590}
  animator: {fileID: 6364893102016773194}
  projectileSpeed: 1000
  fireRate: 2
  aggroRange: 200
--- !u!195 &8332806662484052322
NavMeshAgent:
  m_ObjectHideFlags: 0
  m_CorrespondingSourceObject: {fileID: 0}
  m_PrefabInstance: {fileID: 0}
  m_PrefabAsset: {fileID: 0}
  m_GameObject: {fileID: 37716087714439971}
  m_Enabled: 1
  m_AgentTypeID: 0
  m_Radius: 0.5
  m_Speed: 3.5
  m_Acceleration: 8
  avoidancePriority: 50
  m_AngularSpeed: 120
  m_StoppingDistance: 4
  m_AutoTraverseOffMeshLink: 1
  m_AutoBraking: 1
  m_AutoRepath: 1
  m_Height: 2
  m_BaseOffset: 0
  m_WalkableMask: 4294967295
  m_ObstacleAvoidanceType: 4
--- !u!136 &9211759081102349149
CapsuleCollider:
  m_ObjectHideFlags: 0
  m_CorrespondingSourceObject: {fileID: 0}
  m_PrefabInstance: {fileID: 0}
  m_PrefabAsset: {fileID: 0}
  m_GameObject: {fileID: 37716087714439971}
  m_Material: {fileID: 0}
  m_IsTrigger: 0
  m_Enabled: 1
  m_Radius: 0.5
  m_Height: 2
  m_Direction: 1
  m_Center: {x: 0, y: 1, z: 0}
--- !u!114 &-4266517557978848399
MonoBehaviour:
  m_ObjectHideFlags: 0
  m_CorrespondingSourceObject: {fileID: 0}
  m_PrefabInstance: {fileID: 0}
  m_PrefabAsset: {fileID: 0}
  m_GameObject: {fileID: 37716087714439971}
  m_Enabled: 1
  m_EditorHideFlags: 0
  m_Script: {fileID: 11500000, guid: bae25e6dbc147c64b9f7ce6b22438b79, type: 3}
  m_Name: 
  m_EditorClassIdentifier: 
  health: 40
--- !u!1 &339198312717264341
GameObject:
  m_ObjectHideFlags: 0
  m_CorrespondingSourceObject: {fileID: 0}
  m_PrefabInstance: {fileID: 0}
  m_PrefabAsset: {fileID: 0}
  serializedVersion: 6
  m_Component:
  - component: {fileID: 1367766977280194525}
  m_Layer: 0
  m_Name: mixamorig10:LeftShoulder
  m_TagString: Untagged
  m_Icon: {fileID: 0}
  m_NavMeshLayer: 0
  m_StaticEditorFlags: 0
  m_IsActive: 1
--- !u!4 &1367766977280194525
Transform:
  m_ObjectHideFlags: 0
  m_CorrespondingSourceObject: {fileID: 0}
  m_PrefabInstance: {fileID: 0}
  m_PrefabAsset: {fileID: 0}
  m_GameObject: {fileID: 339198312717264341}
  m_LocalRotation: {x: 0.62042356, y: -0.31981903, z: 0.5542488, w: 0.45342994}
  m_LocalPosition: {x: -0.05196751, y: 0.126138, z: -0.00084640615}
  m_LocalScale: {x: 1, y: 1, z: 1}
  m_Children:
  - {fileID: 150552443282380551}
  m_Father: {fileID: 5402563646968854060}
  m_RootOrder: 0
  m_LocalEulerAnglesHint: {x: 0, y: 0, z: 0}
--- !u!1 &462412955636339117
GameObject:
  m_ObjectHideFlags: 0
  m_CorrespondingSourceObject: {fileID: 0}
  m_PrefabInstance: {fileID: 0}
  m_PrefabAsset: {fileID: 0}
  serializedVersion: 6
  m_Component:
  - component: {fileID: 2768795781183540992}
  m_Layer: 0
  m_Name: mixamorig10:RightUpLeg
  m_TagString: Untagged
  m_Icon: {fileID: 0}
  m_NavMeshLayer: 0
  m_StaticEditorFlags: 0
  m_IsActive: 1
--- !u!4 &2768795781183540992
Transform:
  m_ObjectHideFlags: 0
  m_CorrespondingSourceObject: {fileID: 0}
  m_PrefabInstance: {fileID: 0}
  m_PrefabAsset: {fileID: 0}
  m_GameObject: {fileID: 462412955636339117}
  m_LocalRotation: {x: 0.13197522, y: 0.24525511, z: 0.9427318, w: -0.18354632}
  m_LocalPosition: {x: 0.103058346, y: -0.053523634, z: 0.0055911327}
  m_LocalScale: {x: 1, y: 1, z: 1}
  m_Children:
  - {fileID: 5561413700356147928}
  m_Father: {fileID: 1232535104234446554}
  m_RootOrder: 1
  m_LocalEulerAnglesHint: {x: 0, y: 0, z: 0}
--- !u!1 &576274962143828548
GameObject:
  m_ObjectHideFlags: 0
  m_CorrespondingSourceObject: {fileID: 0}
  m_PrefabInstance: {fileID: 0}
  m_PrefabAsset: {fileID: 0}
  serializedVersion: 6
  m_Component:
  - component: {fileID: 6052502227462560740}
  m_Layer: 0
  m_Name: mixamorig10:RightHandPinky3
  m_TagString: Untagged
  m_Icon: {fileID: 0}
  m_NavMeshLayer: 0
  m_StaticEditorFlags: 0
  m_IsActive: 1
--- !u!4 &6052502227462560740
Transform:
  m_ObjectHideFlags: 0
  m_CorrespondingSourceObject: {fileID: 0}
  m_PrefabInstance: {fileID: 0}
  m_PrefabAsset: {fileID: 0}
  m_GameObject: {fileID: 576274962143828548}
  m_LocalRotation: {x: 0.3128817, y: 0.0017354451, z: -0.004722567, w: 0.9497788}
  m_LocalPosition: {x: 0.000009191496, y: 0.024144968, z: -3.9780756e-10}
  m_LocalScale: {x: 1, y: 1, z: 1}
  m_Children:
  - {fileID: 4503256180223475053}
  m_Father: {fileID: 6625960836923761686}
  m_RootOrder: 0
  m_LocalEulerAnglesHint: {x: 0, y: 0, z: 0}
--- !u!1 &584349058033150788
GameObject:
  m_ObjectHideFlags: 0
  m_CorrespondingSourceObject: {fileID: 0}
  m_PrefabInstance: {fileID: 0}
  m_PrefabAsset: {fileID: 0}
  serializedVersion: 6
  m_Component:
  - component: {fileID: 976558544083574070}
  m_Layer: 0
  m_Name: mixamorig10:LeftHandThumb1
  m_TagString: Untagged
  m_Icon: {fileID: 0}
  m_NavMeshLayer: 0
  m_StaticEditorFlags: 0
  m_IsActive: 1
--- !u!4 &976558544083574070
Transform:
  m_ObjectHideFlags: 0
  m_CorrespondingSourceObject: {fileID: 0}
  m_PrefabInstance: {fileID: 0}
  m_PrefabAsset: {fileID: 0}
  m_GameObject: {fileID: 584349058033150788}
  m_LocalRotation: {x: 0.12352394, y: -0.07994013, z: -0.16377147, w: 0.97546417}
  m_LocalPosition: {x: 0.027913203, y: 0.02176913, z: 0.01373126}
  m_LocalScale: {x: 1, y: 1, z: 1}
  m_Children:
  - {fileID: 9038561253820966004}
  m_Father: {fileID: 6114735711554643825}
  m_RootOrder: 4
  m_LocalEulerAnglesHint: {x: 0, y: 0, z: 0}
--- !u!1 &610856009003796916
GameObject:
  m_ObjectHideFlags: 0
  m_CorrespondingSourceObject: {fileID: 0}
  m_PrefabInstance: {fileID: 0}
  m_PrefabAsset: {fileID: 0}
  serializedVersion: 6
  m_Component:
  - component: {fileID: 8499390924814545487}
  m_Layer: 0
  m_Name: mixamorig10:LeftHandThumb3
  m_TagString: Untagged
  m_Icon: {fileID: 0}
  m_NavMeshLayer: 0
  m_StaticEditorFlags: 0
  m_IsActive: 1
--- !u!4 &8499390924814545487
Transform:
  m_ObjectHideFlags: 0
  m_CorrespondingSourceObject: {fileID: 0}
  m_PrefabInstance: {fileID: 0}
  m_PrefabAsset: {fileID: 0}
  m_GameObject: {fileID: 610856009003796916}
  m_LocalRotation: {x: -0.016530441, y: -0.010818878, z: -0.14581607, w: 0.98911446}
  m_LocalPosition: {x: 0.0002664907, y: 0.038896535, z: 1.8444836e-11}
  m_LocalScale: {x: 1, y: 1, z: 1}
  m_Children:
  - {fileID: 4408075774117798638}
  m_Father: {fileID: 9038561253820966004}
  m_RootOrder: 0
  m_LocalEulerAnglesHint: {x: 0, y: 0, z: 0}
--- !u!1 &633926753873595199
GameObject:
  m_ObjectHideFlags: 0
  m_CorrespondingSourceObject: {fileID: 0}
  m_PrefabInstance: {fileID: 0}
  m_PrefabAsset: {fileID: 0}
  serializedVersion: 6
  m_Component:
  - component: {fileID: 5209510128140603206}
  m_Layer: 0
  m_Name: mixamorig10:RightHandMiddle2
  m_TagString: Untagged
  m_Icon: {fileID: 0}
  m_NavMeshLayer: 0
  m_StaticEditorFlags: 0
  m_IsActive: 1
--- !u!4 &5209510128140603206
Transform:
  m_ObjectHideFlags: 0
  m_CorrespondingSourceObject: {fileID: 0}
  m_PrefabInstance: {fileID: 0}
  m_PrefabAsset: {fileID: 0}
  m_GameObject: {fileID: 633926753873595199}
  m_LocalRotation: {x: 0.23251987, y: 0.0009951044, z: -0.013898037, w: 0.97249186}
  m_LocalPosition: {x: 0.00073169067, y: 0.038587995, z: -5.1811266e-10}
  m_LocalScale: {x: 1, y: 1, z: 1}
  m_Children:
  - {fileID: 7998514804536398805}
  m_Father: {fileID: 7121362733346207789}
  m_RootOrder: 0
  m_LocalEulerAnglesHint: {x: 0, y: 0, z: 0}
--- !u!1 &733872256623948901
GameObject:
  m_ObjectHideFlags: 0
  m_CorrespondingSourceObject: {fileID: 0}
  m_PrefabInstance: {fileID: 0}
  m_PrefabAsset: {fileID: 0}
  serializedVersion: 6
  m_Component:
  - component: {fileID: 1591798917668360116}
  m_Layer: 0
  m_Name: mixamorig10:RightHandPinky1
  m_TagString: Untagged
  m_Icon: {fileID: 0}
  m_NavMeshLayer: 0
  m_StaticEditorFlags: 0
  m_IsActive: 1
--- !u!4 &1591798917668360116
Transform:
  m_ObjectHideFlags: 0
  m_CorrespondingSourceObject: {fileID: 0}
  m_PrefabInstance: {fileID: 0}
  m_PrefabAsset: {fileID: 0}
  m_GameObject: {fileID: 733872256623948901}
  m_LocalRotation: {x: 0.07039701, y: -0.18123424, z: -0.102545865, w: 0.9755423}
  m_LocalPosition: {x: 0.033958178, y: 0.07594786, z: -0.0007828294}
  m_LocalScale: {x: 1, y: 1, z: 1}
  m_Children:
  - {fileID: 6625960836923761686}
  m_Father: {fileID: 787428235649787063}
  m_RootOrder: 2
  m_LocalEulerAnglesHint: {x: 0, y: 0, z: 0}
--- !u!1 &754027025410476867
GameObject:
  m_ObjectHideFlags: 0
  m_CorrespondingSourceObject: {fileID: 0}
  m_PrefabInstance: {fileID: 0}
  m_PrefabAsset: {fileID: 0}
  serializedVersion: 6
  m_Component:
  - component: {fileID: 4655011651053017680}
  m_Layer: 0
  m_Name: mixamorig10:Head
  m_TagString: Untagged
  m_Icon: {fileID: 0}
  m_NavMeshLayer: 0
  m_StaticEditorFlags: 0
  m_IsActive: 1
--- !u!4 &4655011651053017680
Transform:
  m_ObjectHideFlags: 0
  m_CorrespondingSourceObject: {fileID: 0}
  m_PrefabInstance: {fileID: 0}
  m_PrefabAsset: {fileID: 0}
  m_GameObject: {fileID: 754027025410476867}
  m_LocalRotation: {x: -0.053719014, y: -0.07802766, z: -0.020391233, w: 0.995294}
  m_LocalPosition: {x: -0, y: 0.081593014, z: 0.020329427}
  m_LocalScale: {x: 1, y: 1, z: 1}
  m_Children:
  - {fileID: 385101954715477256}
  m_Father: {fileID: 7455271919482463930}
  m_RootOrder: 0
  m_LocalEulerAnglesHint: {x: 0, y: 0, z: 0}
--- !u!1 &883037295367937811
GameObject:
  m_ObjectHideFlags: 0
  m_CorrespondingSourceObject: {fileID: 0}
  m_PrefabInstance: {fileID: 0}
  m_PrefabAsset: {fileID: 0}
  serializedVersion: 6
  m_Component:
  - component: {fileID: 1148717896638013662}
  m_Layer: 0
  m_Name: mixamorig10:LeftHandRing4
  m_TagString: Untagged
  m_Icon: {fileID: 0}
  m_NavMeshLayer: 0
  m_StaticEditorFlags: 0
  m_IsActive: 1
--- !u!4 &1148717896638013662
Transform:
  m_ObjectHideFlags: 0
  m_CorrespondingSourceObject: {fileID: 0}
  m_PrefabInstance: {fileID: 0}
  m_PrefabAsset: {fileID: 0}
  m_GameObject: {fileID: 883037295367937811}
  m_LocalRotation: {x: 0, y: -0, z: -0, w: 1}
  m_LocalPosition: {x: 0.00020198913, y: 0.027395086, z: -0.0000000012841619}
  m_LocalScale: {x: 1, y: 1, z: 1}
  m_Children: []
  m_Father: {fileID: 3550646317332660086}
  m_RootOrder: 0
  m_LocalEulerAnglesHint: {x: 0, y: 0, z: 0}
--- !u!1 &989985212245923114
GameObject:
  m_ObjectHideFlags: 0
  m_CorrespondingSourceObject: {fileID: 0}
  m_PrefabInstance: {fileID: 0}
  m_PrefabAsset: {fileID: 0}
  serializedVersion: 6
  m_Component:
  - component: {fileID: 8796247246561295131}
  m_Layer: 0
  m_Name: mixamorig10:RightForeArm
  m_TagString: Untagged
  m_Icon: {fileID: 0}
  m_NavMeshLayer: 0
  m_StaticEditorFlags: 0
  m_IsActive: 1
--- !u!4 &8796247246561295131
Transform:
  m_ObjectHideFlags: 0
  m_CorrespondingSourceObject: {fileID: 0}
  m_PrefabInstance: {fileID: 0}
  m_PrefabAsset: {fileID: 0}
  m_GameObject: {fileID: 989985212245923114}
  m_LocalRotation: {x: 0.067335844, y: -0.04587778, z: 0.81637293, w: 0.5717485}
  m_LocalPosition: {x: 3.8745446e-10, y: 0.22776227, z: 8.997546e-11}
  m_LocalScale: {x: 1, y: 1, z: 1}
  m_Children:
  - {fileID: 787428235649787063}
  m_Father: {fileID: 7763988831415718312}
  m_RootOrder: 0
  m_LocalEulerAnglesHint: {x: 0, y: 0, z: 0}
--- !u!1 &1014944899366386916
GameObject:
  m_ObjectHideFlags: 0
  m_CorrespondingSourceObject: {fileID: 0}
  m_PrefabInstance: {fileID: 0}
  m_PrefabAsset: {fileID: 0}
  serializedVersion: 6
  m_Component:
  - component: {fileID: 3311203730287467316}
  m_Layer: 0
  m_Name: mixamorig10:RightHandIndex3
  m_TagString: Untagged
  m_Icon: {fileID: 0}
  m_NavMeshLayer: 0
  m_StaticEditorFlags: 0
  m_IsActive: 1
--- !u!4 &3311203730287467316
Transform:
  m_ObjectHideFlags: 0
  m_CorrespondingSourceObject: {fileID: 0}
  m_PrefabInstance: {fileID: 0}
  m_PrefabAsset: {fileID: 0}
  m_GameObject: {fileID: 1014944899366386916}
  m_LocalRotation: {x: 0.20156945, y: -0.00007059242, z: -0.0074616796, w: 0.9794458}
  m_LocalPosition: {x: -0.00012318377, y: 0.033722486, z: -8.0650775e-10}
  m_LocalScale: {x: 1, y: 1, z: 1}
  m_Children:
  - {fileID: 4772309866920319847}
  m_Father: {fileID: 5038552994609525549}
  m_RootOrder: 0
  m_LocalEulerAnglesHint: {x: 0, y: 0, z: 0}
--- !u!1 &1126139754161542098
GameObject:
  m_ObjectHideFlags: 0
  m_CorrespondingSourceObject: {fileID: 0}
  m_PrefabInstance: {fileID: 0}
  m_PrefabAsset: {fileID: 0}
  serializedVersion: 6
  m_Component:
  - component: {fileID: 5493770452279548069}
  m_Layer: 0
  m_Name: mixamorig10:RightHandThumb1
  m_TagString: Untagged
  m_Icon: {fileID: 0}
  m_NavMeshLayer: 0
  m_StaticEditorFlags: 0
  m_IsActive: 1
--- !u!4 &5493770452279548069
Transform:
  m_ObjectHideFlags: 0
  m_CorrespondingSourceObject: {fileID: 0}
  m_PrefabInstance: {fileID: 0}
  m_PrefabAsset: {fileID: 0}
  m_GameObject: {fileID: 1126139754161542098}
  m_LocalRotation: {x: 0.09978391, y: 0.0903271, z: 0.18700843, w: 0.97309405}
  m_LocalPosition: {x: -0.027904157, y: 0.022605155, z: 0.013945714}
  m_LocalScale: {x: 1, y: 1, z: 1}
  m_Children:
  - {fileID: 1768806599041852125}
  m_Father: {fileID: 787428235649787063}
  m_RootOrder: 4
  m_LocalEulerAnglesHint: {x: 0, y: 0, z: 0}
--- !u!1 &1131919698201419925
GameObject:
  m_ObjectHideFlags: 0
  m_CorrespondingSourceObject: {fileID: 0}
  m_PrefabInstance: {fileID: 0}
  m_PrefabAsset: {fileID: 0}
  serializedVersion: 6
  m_Component:
  - component: {fileID: 391201290633847075}
  m_Layer: 0
  m_Name: mixamorig10:LeftHandMiddle2
  m_TagString: Untagged
  m_Icon: {fileID: 0}
  m_NavMeshLayer: 0
  m_StaticEditorFlags: 0
  m_IsActive: 1
--- !u!4 &391201290633847075
Transform:
  m_ObjectHideFlags: 0
  m_CorrespondingSourceObject: {fileID: 0}
  m_PrefabInstance: {fileID: 0}
  m_PrefabAsset: {fileID: 0}
  m_GameObject: {fileID: 1131919698201419925}
  m_LocalRotation: {x: 0.25797513, y: 0.00058264117, z: 0.014955419, w: 0.96603566}
  m_LocalPosition: {x: -0.00064025895, y: 0.038280196, z: -1.3039794e-10}
  m_LocalScale: {x: 1, y: 1, z: 1}
  m_Children:
  - {fileID: 2413681968146659510}
  m_Father: {fileID: 1794115103009698085}
  m_RootOrder: 0
  m_LocalEulerAnglesHint: {x: 0, y: 0, z: 0}
--- !u!1 &1168893068255403302
GameObject:
  m_ObjectHideFlags: 0
  m_CorrespondingSourceObject: {fileID: 0}
  m_PrefabInstance: {fileID: 0}
  m_PrefabAsset: {fileID: 0}
  serializedVersion: 6
  m_Component:
  - component: {fileID: 8939253564438776938}
  m_Layer: 0
  m_Name: mixamorig10:LeftForeArm
  m_TagString: Untagged
  m_Icon: {fileID: 0}
  m_NavMeshLayer: 0
  m_StaticEditorFlags: 0
  m_IsActive: 1
--- !u!4 &8939253564438776938
Transform:
  m_ObjectHideFlags: 0
  m_CorrespondingSourceObject: {fileID: 0}
  m_PrefabInstance: {fileID: 0}
  m_PrefabAsset: {fileID: 0}
  m_GameObject: {fileID: 1168893068255403302}
  m_LocalRotation: {x: 0.0034997913, y: 0.0012174579, z: -0.36785722, w: 0.92987496}
  m_LocalPosition: {x: -0.000000001166472, y: 0.22764324, z: -2.0011725e-11}
  m_LocalScale: {x: 1, y: 1, z: 1}
  m_Children:
  - {fileID: 6114735711554643825}
  m_Father: {fileID: 150552443282380551}
  m_RootOrder: 0
  m_LocalEulerAnglesHint: {x: 0, y: 0, z: 0}
--- !u!1 &1747503693030607432
GameObject:
  m_ObjectHideFlags: 0
  m_CorrespondingSourceObject: {fileID: 0}
  m_PrefabInstance: {fileID: 0}
  m_PrefabAsset: {fileID: 0}
  serializedVersion: 6
  m_Component:
  - component: {fileID: 5249787440210642198}
  m_Layer: 0
  m_Name: mixamorig10:Spine1
  m_TagString: Untagged
  m_Icon: {fileID: 0}
  m_NavMeshLayer: 0
  m_StaticEditorFlags: 0
  m_IsActive: 1
--- !u!4 &5249787440210642198
Transform:
  m_ObjectHideFlags: 0
  m_CorrespondingSourceObject: {fileID: 0}
  m_PrefabInstance: {fileID: 0}
  m_PrefabAsset: {fileID: 0}
  m_GameObject: {fileID: 1747503693030607432}
  m_LocalRotation: {x: 0.07343988, y: -0.0053446256, z: 0.04848976, w: 0.99610585}
  m_LocalPosition: {x: -0, y: 0.1121129, z: -1.8729843e-10}
  m_LocalScale: {x: 1, y: 1, z: 1}
  m_Children:
  - {fileID: 5402563646968854060}
  m_Father: {fileID: 4128366863125085038}
  m_RootOrder: 0
  m_LocalEulerAnglesHint: {x: 0, y: 0, z: 0}
--- !u!1 &1992674100300652716
GameObject:
  m_ObjectHideFlags: 0
  m_CorrespondingSourceObject: {fileID: 0}
  m_PrefabInstance: {fileID: 0}
  m_PrefabAsset: {fileID: 0}
  serializedVersion: 6
  m_Component:
  - component: {fileID: 6237038581046096515}
  m_Layer: 0
  m_Name: mixamorig10:RightHandMiddle4
  m_TagString: Untagged
  m_Icon: {fileID: 0}
  m_NavMeshLayer: 0
  m_StaticEditorFlags: 0
  m_IsActive: 1
--- !u!4 &6237038581046096515
Transform:
  m_ObjectHideFlags: 0
  m_CorrespondingSourceObject: {fileID: 0}
  m_PrefabInstance: {fileID: 0}
  m_PrefabAsset: {fileID: 0}
  m_GameObject: {fileID: 1992674100300652716}
  m_LocalRotation: {x: 0, y: -0, z: -0, w: 1}
  m_LocalPosition: {x: -0.000726137, y: 0.034810398, z: 0.0000000017466902}
  m_LocalScale: {x: 1, y: 1, z: 1}
  m_Children: []
  m_Father: {fileID: 7998514804536398805}
  m_RootOrder: 0
  m_LocalEulerAnglesHint: {x: 0, y: 0, z: 0}
--- !u!1 &2150470524291362018
GameObject:
  m_ObjectHideFlags: 0
  m_CorrespondingSourceObject: {fileID: 0}
  m_PrefabInstance: {fileID: 0}
  m_PrefabAsset: {fileID: 0}
  serializedVersion: 6
  m_Component:
  - component: {fileID: 4128366863125085038}
  m_Layer: 0
  m_Name: mixamorig10:Spine
  m_TagString: Untagged
  m_Icon: {fileID: 0}
  m_NavMeshLayer: 0
  m_StaticEditorFlags: 0
  m_IsActive: 1
--- !u!4 &4128366863125085038
Transform:
  m_ObjectHideFlags: 0
  m_CorrespondingSourceObject: {fileID: 0}
  m_PrefabInstance: {fileID: 0}
  m_PrefabAsset: {fileID: 0}
  m_GameObject: {fileID: 2150470524291362018}
  m_LocalRotation: {x: 0.08195073, y: -0.0038985652, z: 0.022955416, w: 0.99636436}
  m_LocalPosition: {x: -0, y: 0.09605003, z: -0.0029999565}
  m_LocalScale: {x: 1, y: 1, z: 1}
  m_Children:
  - {fileID: 5249787440210642198}
  m_Father: {fileID: 1232535104234446554}
  m_RootOrder: 2
  m_LocalEulerAnglesHint: {x: 0, y: 0, z: 0}
--- !u!1 &2207568138684960133
GameObject:
  m_ObjectHideFlags: 0
  m_CorrespondingSourceObject: {fileID: 0}
  m_PrefabInstance: {fileID: 0}
  m_PrefabAsset: {fileID: 0}
  serializedVersion: 6
  m_Component:
  - component: {fileID: 6628978237092155702}
  m_Layer: 0
  m_Name: mixamorig10:LeftHandPinky2
  m_TagString: Untagged
  m_Icon: {fileID: 0}
  m_NavMeshLayer: 0
  m_StaticEditorFlags: 0
  m_IsActive: 1
--- !u!4 &6628978237092155702
Transform:
  m_ObjectHideFlags: 0
  m_CorrespondingSourceObject: {fileID: 0}
  m_PrefabInstance: {fileID: 0}
  m_PrefabAsset: {fileID: 0}
  m_GameObject: {fileID: 2207568138684960133}
  m_LocalRotation: {x: 0.39541978, y: -0.0014177237, z: 0.0022175175, w: 0.9184968}
  m_LocalPosition: {x: 0.00016617152, y: 0.02957322, z: 1.5871678e-10}
  m_LocalScale: {x: 1, y: 1, z: 1}
  m_Children:
  - {fileID: 388433471388599798}
  m_Father: {fileID: 365811528656990342}
  m_RootOrder: 0
  m_LocalEulerAnglesHint: {x: 0, y: 0, z: 0}
--- !u!1 &2296969039603176235
GameObject:
  m_ObjectHideFlags: 0
  m_CorrespondingSourceObject: {fileID: 0}
  m_PrefabInstance: {fileID: 0}
  m_PrefabAsset: {fileID: 0}
  serializedVersion: 6
  m_Component:
  - component: {fileID: 2241518865747425945}
  m_Layer: 0
  m_Name: mixamorig10:RightHandRing3
  m_TagString: Untagged
  m_Icon: {fileID: 0}
  m_NavMeshLayer: 0
  m_StaticEditorFlags: 0
  m_IsActive: 1
--- !u!4 &2241518865747425945
Transform:
  m_ObjectHideFlags: 0
  m_CorrespondingSourceObject: {fileID: 0}
  m_PrefabInstance: {fileID: 0}
  m_PrefabAsset: {fileID: 0}
  m_GameObject: {fileID: 2296969039603176235}
  m_LocalRotation: {x: 0.28616792, y: 0.00368986, z: -0.011079136, w: 0.9581083}
  m_LocalPosition: {x: -0.000032232532, y: 0.028835803, z: -6.4192246e-10}
  m_LocalScale: {x: 1, y: 1, z: 1}
  m_Children:
  - {fileID: 8009192847662453488}
  m_Father: {fileID: 1678066028732037857}
  m_RootOrder: 0
  m_LocalEulerAnglesHint: {x: 0, y: 0, z: 0}
--- !u!1 &2305198759467731826
GameObject:
  m_ObjectHideFlags: 0
  m_CorrespondingSourceObject: {fileID: 0}
  m_PrefabInstance: {fileID: 0}
  m_PrefabAsset: {fileID: 0}
  serializedVersion: 6
  m_Component:
  - component: {fileID: 5402563646968854060}
  m_Layer: 0
  m_Name: mixamorig10:Spine2
  m_TagString: Untagged
  m_Icon: {fileID: 0}
  m_NavMeshLayer: 0
  m_StaticEditorFlags: 0
  m_IsActive: 1
--- !u!4 &5402563646968854060
Transform:
  m_ObjectHideFlags: 0
  m_CorrespondingSourceObject: {fileID: 0}
  m_PrefabInstance: {fileID: 0}
  m_PrefabAsset: {fileID: 0}
  m_GameObject: {fileID: 2305198759467731826}
  m_LocalRotation: {x: 0.0736351, y: -0.005355207, z: 0.04848469, w: 0.9960916}
  m_LocalPosition: {x: -0, y: 0.12812915, z: 4.6873064e-11}
  m_LocalScale: {x: 1, y: 1, z: 1}
  m_Children:
  - {fileID: 1367766977280194525}
  - {fileID: 7455271919482463930}
  - {fileID: 1892056260006336481}
  m_Father: {fileID: 5249787440210642198}
  m_RootOrder: 0
  m_LocalEulerAnglesHint: {x: 0, y: 0, z: 0}
--- !u!1 &2306342181016159411
GameObject:
  m_ObjectHideFlags: 0
  m_CorrespondingSourceObject: {fileID: 0}
  m_PrefabInstance: {fileID: 0}
  m_PrefabAsset: {fileID: 0}
  serializedVersion: 6
  m_Component:
  - component: {fileID: 4503256180223475053}
  m_Layer: 0
  m_Name: mixamorig10:RightHandPinky4
  m_TagString: Untagged
  m_Icon: {fileID: 0}
  m_NavMeshLayer: 0
  m_StaticEditorFlags: 0
  m_IsActive: 1
--- !u!4 &4503256180223475053
Transform:
  m_ObjectHideFlags: 0
  m_CorrespondingSourceObject: {fileID: 0}
  m_PrefabInstance: {fileID: 0}
  m_PrefabAsset: {fileID: 0}
  m_GameObject: {fileID: 2306342181016159411}
  m_LocalRotation: {x: 0, y: -0, z: -0, w: 1}
  m_LocalPosition: {x: 0.00005292629, y: 0.023297783, z: -7.396545e-10}
  m_LocalScale: {x: 1, y: 1, z: 1}
  m_Children: []
  m_Father: {fileID: 6052502227462560740}
  m_RootOrder: 0
  m_LocalEulerAnglesHint: {x: 0, y: 0, z: 0}
--- !u!1 &2491260335782745855
GameObject:
  m_ObjectHideFlags: 0
  m_CorrespondingSourceObject: {fileID: 0}
  m_PrefabInstance: {fileID: 0}
  m_PrefabAsset: {fileID: 0}
  serializedVersion: 6
  m_Component:
  - component: {fileID: 7258493908719257480}
  m_Layer: 0
  m_Name: mixamorig10:LeftUpLeg
  m_TagString: Untagged
  m_Icon: {fileID: 0}
  m_NavMeshLayer: 0
  m_StaticEditorFlags: 0
  m_IsActive: 1
--- !u!4 &7258493908719257480
Transform:
  m_ObjectHideFlags: 0
  m_CorrespondingSourceObject: {fileID: 0}
  m_PrefabInstance: {fileID: 0}
  m_PrefabAsset: {fileID: 0}
  m_GameObject: {fileID: 2491260335782745855}
  m_LocalRotation: {x: -0.14607494, y: 0.2710848, z: 0.93716884, w: 0.16398096}
  m_LocalPosition: {x: -0.103058346, y: -0.053523634, z: -0.002096083}
  m_LocalScale: {x: 1, y: 1, z: 1}
  m_Children:
  - {fileID: 5745081539367929640}
  m_Father: {fileID: 1232535104234446554}
  m_RootOrder: 0
  m_LocalEulerAnglesHint: {x: 0, y: 0, z: 0}
--- !u!1 &2574787349759844719
GameObject:
  m_ObjectHideFlags: 0
  m_CorrespondingSourceObject: {fileID: 0}
  m_PrefabInstance: {fileID: 0}
  m_PrefabAsset: {fileID: 0}
  serializedVersion: 6
  m_Component:
  - component: {fileID: 7121362733346207789}
  m_Layer: 0
  m_Name: mixamorig10:RightHandMiddle1
  m_TagString: Untagged
  m_Icon: {fileID: 0}
  m_NavMeshLayer: 0
  m_StaticEditorFlags: 0
  m_IsActive: 1
--- !u!4 &7121362733346207789
Transform:
  m_ObjectHideFlags: 0
  m_CorrespondingSourceObject: {fileID: 0}
  m_PrefabInstance: {fileID: 0}
  m_PrefabAsset: {fileID: 0}
  m_GameObject: {fileID: 2574787349759844719}
  m_LocalRotation: {x: -0.063703366, y: 0.033491205, z: 0.092455655, w: 0.9931124}
  m_LocalPosition: {x: -0.010471606, y: 0.08511366, z: -0.003570932}
  m_LocalScale: {x: 1, y: 1, z: 1}
  m_Children:
  - {fileID: 5209510128140603206}
  m_Father: {fileID: 787428235649787063}
  m_RootOrder: 1
  m_LocalEulerAnglesHint: {x: 0, y: 0, z: 0}
--- !u!1 &2582937159842383060
GameObject:
  m_ObjectHideFlags: 0
  m_CorrespondingSourceObject: {fileID: 0}
  m_PrefabInstance: {fileID: 0}
  m_PrefabAsset: {fileID: 0}
  serializedVersion: 6
  m_Component:
  - component: {fileID: 150552443282380551}
  m_Layer: 0
  m_Name: mixamorig10:LeftArm
  m_TagString: Untagged
  m_Icon: {fileID: 0}
  m_NavMeshLayer: 0
  m_StaticEditorFlags: 0
  m_IsActive: 1
--- !u!4 &150552443282380551
Transform:
  m_ObjectHideFlags: 0
  m_CorrespondingSourceObject: {fileID: 0}
  m_PrefabInstance: {fileID: 0}
  m_PrefabAsset: {fileID: 0}
  m_GameObject: {fileID: 2582937159842383060}
  m_LocalRotation: {x: 0.16298266, y: 0.20042995, z: -0.02069871, w: 0.9658344}
  m_LocalPosition: {x: 9.404995e-11, y: 0.110060066, z: -0.0000000020315034}
  m_LocalScale: {x: 1, y: 1, z: 1}
  m_Children:
  - {fileID: 8939253564438776938}
  m_Father: {fileID: 1367766977280194525}
  m_RootOrder: 0
  m_LocalEulerAnglesHint: {x: 0, y: 0, z: 0}
--- !u!1 &2750099679987951561
GameObject:
  m_ObjectHideFlags: 0
  m_CorrespondingSourceObject: {fileID: 0}
  m_PrefabInstance: {fileID: 0}
  m_PrefabAsset: {fileID: 0}
  serializedVersion: 6
  m_Component:
  - component: {fileID: 1794115103009698085}
  m_Layer: 0
  m_Name: mixamorig10:LeftHandMiddle1
  m_TagString: Untagged
  m_Icon: {fileID: 0}
  m_NavMeshLayer: 0
  m_StaticEditorFlags: 0
  m_IsActive: 1
--- !u!4 &1794115103009698085
Transform:
  m_ObjectHideFlags: 0
  m_CorrespondingSourceObject: {fileID: 0}
  m_PrefabInstance: {fileID: 0}
  m_PrefabAsset: {fileID: 0}
  m_GameObject: {fileID: 2750099679987951561}
  m_LocalRotation: {x: -0.013471913, y: -0.07336339, z: -0.07134459, w: 0.9946589}
  m_LocalPosition: {x: 0.010561781, y: 0.0843411, z: -0.003015346}
  m_LocalScale: {x: 1, y: 1, z: 1}
  m_Children:
  - {fileID: 391201290633847075}
  m_Father: {fileID: 6114735711554643825}
  m_RootOrder: 1
  m_LocalEulerAnglesHint: {x: 0, y: 0, z: 0}
--- !u!1 &3269460801485139532
GameObject:
  m_ObjectHideFlags: 0
  m_CorrespondingSourceObject: {fileID: 0}
  m_PrefabInstance: {fileID: 0}
  m_PrefabAsset: {fileID: 0}
  serializedVersion: 6
  m_Component:
  - component: {fileID: 2276082470057379280}
  m_Layer: 0
  m_Name: mixamorig10:LeftHandRing1
  m_TagString: Untagged
  m_Icon: {fileID: 0}
  m_NavMeshLayer: 0
  m_StaticEditorFlags: 0
  m_IsActive: 1
--- !u!4 &2276082470057379280
Transform:
  m_ObjectHideFlags: 0
  m_CorrespondingSourceObject: {fileID: 0}
  m_PrefabInstance: {fileID: 0}
  m_PrefabAsset: {fileID: 0}
  m_GameObject: {fileID: 3269460801485139532}
  m_LocalRotation: {x: 0.11877, y: -0.05099988, z: -0.029294811, w: 0.99117833}
  m_LocalPosition: {x: -0.013104431, y: 0.08899306, z: -0.0032762527}
  m_LocalScale: {x: 1, y: 1, z: 1}
  m_Children:
  - {fileID: 3827663736434729267}
  m_Father: {fileID: 6114735711554643825}
  m_RootOrder: 3
  m_LocalEulerAnglesHint: {x: 0, y: 0, z: 0}
--- !u!1 &3429274978264276198
GameObject:
  m_ObjectHideFlags: 0
  m_CorrespondingSourceObject: {fileID: 0}
  m_PrefabInstance: {fileID: 0}
  m_PrefabAsset: {fileID: 0}
  serializedVersion: 6
  m_Component:
  - component: {fileID: 1798105470961462203}
  m_Layer: 0
  m_Name: mixamorig10:RightToe_End
  m_TagString: Untagged
  m_Icon: {fileID: 0}
  m_NavMeshLayer: 0
  m_StaticEditorFlags: 0
  m_IsActive: 1
--- !u!4 &1798105470961462203
Transform:
  m_ObjectHideFlags: 0
  m_CorrespondingSourceObject: {fileID: 0}
  m_PrefabInstance: {fileID: 0}
  m_PrefabAsset: {fileID: 0}
  m_GameObject: {fileID: 3429274978264276198}
  m_LocalRotation: {x: 0, y: -0, z: -0, w: 1}
  m_LocalPosition: {x: -4.2365576e-11, y: 0.061615486, z: -8.1858464e-11}
  m_LocalScale: {x: 1, y: 1, z: 1}
  m_Children: []
  m_Father: {fileID: 4004491088461388559}
  m_RootOrder: 0
  m_LocalEulerAnglesHint: {x: 0, y: 0, z: 0}
--- !u!1 &3514072617375648245
GameObject:
  m_ObjectHideFlags: 0
  m_CorrespondingSourceObject: {fileID: 0}
  m_PrefabInstance: {fileID: 0}
  m_PrefabAsset: {fileID: 0}
  serializedVersion: 6
  m_Component:
  - component: {fileID: 1892056260006336481}
  m_Layer: 0
  m_Name: mixamorig10:RightShoulder
  m_TagString: Untagged
  m_Icon: {fileID: 0}
  m_NavMeshLayer: 0
  m_StaticEditorFlags: 0
  m_IsActive: 1
--- !u!4 &1892056260006336481
Transform:
  m_ObjectHideFlags: 0
  m_CorrespondingSourceObject: {fileID: 0}
  m_PrefabInstance: {fileID: 0}
  m_PrefabAsset: {fileID: 0}
  m_GameObject: {fileID: 3514072617375648245}
  m_LocalRotation: {x: 0.61616623, y: 0.33114162, z: -0.5489119, w: 0.45758072}
  m_LocalPosition: {x: 0.05196751, y: 0.12612028, z: -0.00027899657}
  m_LocalScale: {x: 1, y: 1, z: 1}
  m_Children:
  - {fileID: 7763988831415718312}
  m_Father: {fileID: 5402563646968854060}
  m_RootOrder: 2
  m_LocalEulerAnglesHint: {x: 0, y: 0, z: 0}
--- !u!1 &3536854499455641330
GameObject:
  m_ObjectHideFlags: 0
  m_CorrespondingSourceObject: {fileID: 0}
  m_PrefabInstance: {fileID: 0}
  m_PrefabAsset: {fileID: 0}
  serializedVersion: 6
  m_Component:
  - component: {fileID: 1768806599041852125}
  m_Layer: 0
  m_Name: mixamorig10:RightHandThumb2
  m_TagString: Untagged
  m_Icon: {fileID: 0}
  m_NavMeshLayer: 0
  m_StaticEditorFlags: 0
  m_IsActive: 1
--- !u!4 &1768806599041852125
Transform:
  m_ObjectHideFlags: 0
  m_CorrespondingSourceObject: {fileID: 0}
  m_PrefabInstance: {fileID: 0}
  m_PrefabAsset: {fileID: 0}
  m_GameObject: {fileID: 3536854499455641330}
  m_LocalRotation: {x: 0.027639426, y: -0.07367743, z: 0.062080573, w: 0.9949642}
  m_LocalPosition: {x: -0.012051741, y: 0.0283653, z: 0.0000000010083999}
  m_LocalScale: {x: 1, y: 1, z: 1}
  m_Children:
  - {fileID: 5425604265981595704}
  m_Father: {fileID: 5493770452279548069}
  m_RootOrder: 0
  m_LocalEulerAnglesHint: {x: 0, y: 0, z: 0}
--- !u!1 &3604484788050436481
GameObject:
  m_ObjectHideFlags: 0
  m_CorrespondingSourceObject: {fileID: 0}
  m_PrefabInstance: {fileID: 0}
  m_PrefabAsset: {fileID: 0}
  serializedVersion: 6
  m_Component:
  - component: {fileID: 1927934720541077780}
  m_Layer: 0
  m_Name: mixamorig10:LeftToeBase
  m_TagString: Untagged
  m_Icon: {fileID: 0}
  m_NavMeshLayer: 0
  m_StaticEditorFlags: 0
  m_IsActive: 1
--- !u!4 &1927934720541077780
Transform:
  m_ObjectHideFlags: 0
  m_CorrespondingSourceObject: {fileID: 0}
  m_PrefabInstance: {fileID: 0}
  m_PrefabAsset: {fileID: 0}
  m_GameObject: {fileID: 3604484788050436481}
  m_LocalRotation: {x: 0.29391268, y: 0.067160614, z: -0.03397261, w: 0.95286447}
  m_LocalPosition: {x: 1.3988141e-10, y: 0.17636108, z: -0.0000000062198797}
  m_LocalScale: {x: 1, y: 1, z: 1}
  m_Children:
  - {fileID: 8739788616034525629}
  m_Father: {fileID: 7269172430708517400}
  m_RootOrder: 0
  m_LocalEulerAnglesHint: {x: 0, y: 0, z: 0}
--- !u!1 &3643141451908415890
GameObject:
  m_ObjectHideFlags: 0
  m_CorrespondingSourceObject: {fileID: 0}
  m_PrefabInstance: {fileID: 0}
  m_PrefabAsset: {fileID: 0}
  serializedVersion: 6
  m_Component:
  - component: {fileID: 1212708147546268100}
  m_Layer: 0
  m_Name: mixamorig10:RightFoot
  m_TagString: Untagged
  m_Icon: {fileID: 0}
  m_NavMeshLayer: 0
  m_StaticEditorFlags: 0
  m_IsActive: 1
--- !u!4 &1212708147546268100
Transform:
  m_ObjectHideFlags: 0
  m_CorrespondingSourceObject: {fileID: 0}
  m_PrefabInstance: {fileID: 0}
  m_PrefabAsset: {fileID: 0}
  m_GameObject: {fileID: 3643141451908415890}
  m_LocalRotation: {x: 0.60405976, y: -0.028226048, z: -0.14381777, w: 0.7833465}
  m_LocalPosition: {x: 9.533828e-11, y: 0.4133571, z: 4.485228e-10}
  m_LocalScale: {x: 1, y: 1, z: 1}
  m_Children:
  - {fileID: 4004491088461388559}
  m_Father: {fileID: 5561413700356147928}
  m_RootOrder: 0
  m_LocalEulerAnglesHint: {x: 0, y: 0, z: 0}
--- !u!1 &3677800045795406106
GameObject:
  m_ObjectHideFlags: 0
  m_CorrespondingSourceObject: {fileID: 0}
  m_PrefabInstance: {fileID: 0}
  m_PrefabAsset: {fileID: 0}
  serializedVersion: 6
  m_Component:
  - component: {fileID: 7042467232489540802}
  m_Layer: 0
  m_Name: mixamorig10:LeftHandIndex2
  m_TagString: Untagged
  m_Icon: {fileID: 0}
  m_NavMeshLayer: 0
  m_StaticEditorFlags: 0
  m_IsActive: 1
--- !u!4 &7042467232489540802
Transform:
  m_ObjectHideFlags: 0
  m_CorrespondingSourceObject: {fileID: 0}
  m_PrefabInstance: {fileID: 0}
  m_PrefabAsset: {fileID: 0}
  m_GameObject: {fileID: 3677800045795406106}
  m_LocalRotation: {x: 0.26811135, y: 0.0032799684, z: 0.012351007, w: 0.9633032}
  m_LocalPosition: {x: -0.0007021151, y: 0.03595251, z: -3.9585926e-10}
  m_LocalScale: {x: 1, y: 1, z: 1}
  m_Children:
  - {fileID: 6778555731307306080}
  m_Father: {fileID: 6316608290983573578}
  m_RootOrder: 0
  m_LocalEulerAnglesHint: {x: 0, y: 0, z: 0}
--- !u!1 &3800595679984734101
GameObject:
  m_ObjectHideFlags: 0
  m_CorrespondingSourceObject: {fileID: 0}
  m_PrefabInstance: {fileID: 0}
  m_PrefabAsset: {fileID: 0}
  serializedVersion: 6
  m_Component:
  - component: {fileID: 5457121341712419954}
  m_Layer: 0
  m_Name: mixamorig10:RightHandRing1
  m_TagString: Untagged
  m_Icon: {fileID: 0}
  m_NavMeshLayer: 0
  m_StaticEditorFlags: 0
  m_IsActive: 1
--- !u!4 &5457121341712419954
Transform:
  m_ObjectHideFlags: 0
  m_CorrespondingSourceObject: {fileID: 0}
  m_PrefabInstance: {fileID: 0}
  m_PrefabAsset: {fileID: 0}
  m_GameObject: {fileID: 3800595679984734101}
  m_LocalRotation: {x: 0.038201123, y: -0.06792104, z: -0.022110106, w: 0.99671394}
  m_LocalPosition: {x: 0.012629759, y: 0.085915916, z: -0.001966515}
  m_LocalScale: {x: 1, y: 1, z: 1}
  m_Children:
  - {fileID: 1678066028732037857}
  m_Father: {fileID: 787428235649787063}
  m_RootOrder: 3
  m_LocalEulerAnglesHint: {x: 0, y: 0, z: 0}
--- !u!1 &3841366084481989064
GameObject:
  m_ObjectHideFlags: 0
  m_CorrespondingSourceObject: {fileID: 0}
  m_PrefabInstance: {fileID: 0}
  m_PrefabAsset: {fileID: 0}
  serializedVersion: 6
  m_Component:
  - component: {fileID: 365811528656990342}
  m_Layer: 0
  m_Name: mixamorig10:LeftHandPinky1
  m_TagString: Untagged
  m_Icon: {fileID: 0}
  m_NavMeshLayer: 0
  m_StaticEditorFlags: 0
  m_IsActive: 1
--- !u!4 &365811528656990342
Transform:
  m_ObjectHideFlags: 0
  m_CorrespondingSourceObject: {fileID: 0}
  m_PrefabInstance: {fileID: 0}
  m_PrefabAsset: {fileID: 0}
  m_GameObject: {fileID: 3841366084481989064}
  m_LocalRotation: {x: 0.109602414, y: 0.052916106, z: 0.0010899275, w: 0.9925654}
  m_LocalPosition: {x: -0.03276778, y: 0.07444229, z: 0.0005154073}
  m_LocalScale: {x: 1, y: 1, z: 1}
  m_Children:
  - {fileID: 6628978237092155702}
  m_Father: {fileID: 6114735711554643825}
  m_RootOrder: 2
  m_LocalEulerAnglesHint: {x: 0, y: 0, z: 0}
--- !u!1 &3881314673504139617
GameObject:
  m_ObjectHideFlags: 0
  m_CorrespondingSourceObject: {fileID: 0}
  m_PrefabInstance: {fileID: 0}
  m_PrefabAsset: {fileID: 0}
  serializedVersion: 6
  m_Component:
  - component: {fileID: 7269172430708517400}
  m_Layer: 0
  m_Name: mixamorig10:LeftFoot
  m_TagString: Untagged
  m_Icon: {fileID: 0}
  m_NavMeshLayer: 0
  m_StaticEditorFlags: 0
  m_IsActive: 1
--- !u!4 &7269172430708517400
Transform:
  m_ObjectHideFlags: 0
  m_CorrespondingSourceObject: {fileID: 0}
  m_PrefabInstance: {fileID: 0}
  m_PrefabAsset: {fileID: 0}
  m_GameObject: {fileID: 3881314673504139617}
  m_LocalRotation: {x: 0.54853123, y: 0.003050721, z: 0.03518847, w: 0.8353837}
  m_LocalPosition: {x: 1.8926403e-10, y: 0.41364098, z: 0.0000000013532636}
  m_LocalScale: {x: 1, y: 1, z: 1}
  m_Children:
  - {fileID: 1927934720541077780}
  m_Father: {fileID: 5745081539367929640}
  m_RootOrder: 0
  m_LocalEulerAnglesHint: {x: 0, y: 0, z: 0}
--- !u!1 &3931407419204110727
GameObject:
  m_ObjectHideFlags: 0
  m_CorrespondingSourceObject: {fileID: 0}
  m_PrefabInstance: {fileID: 0}
  m_PrefabAsset: {fileID: 0}
  serializedVersion: 6
  m_Component:
  - component: {fileID: 191176090920891474}
  m_Layer: 0
  m_Name: mixamorig10:LeftHandIndex4
  m_TagString: Untagged
  m_Icon: {fileID: 0}
  m_NavMeshLayer: 0
  m_StaticEditorFlags: 0
  m_IsActive: 1
--- !u!4 &191176090920891474
Transform:
  m_ObjectHideFlags: 0
  m_CorrespondingSourceObject: {fileID: 0}
  m_PrefabInstance: {fileID: 0}
  m_PrefabAsset: {fileID: 0}
  m_GameObject: {fileID: 3931407419204110727}
  m_LocalRotation: {x: 0, y: -0, z: -0, w: 1}
  m_LocalPosition: {x: 0.0006368948, y: 0.03330794, z: 2.5795713e-10}
  m_LocalScale: {x: 1, y: 1, z: 1}
  m_Children: []
  m_Father: {fileID: 6778555731307306080}
  m_RootOrder: 0
  m_LocalEulerAnglesHint: {x: 0, y: 0, z: 0}
--- !u!1 &3954228912629364874
GameObject:
  m_ObjectHideFlags: 0
  m_CorrespondingSourceObject: {fileID: 0}
  m_PrefabInstance: {fileID: 0}
  m_PrefabAsset: {fileID: 0}
  serializedVersion: 6
  m_Component:
  - component: {fileID: 787428235649787063}
  m_Layer: 0
  m_Name: mixamorig10:RightHand
  m_TagString: Untagged
  m_Icon: {fileID: 0}
  m_NavMeshLayer: 0
  m_StaticEditorFlags: 0
  m_IsActive: 1
--- !u!4 &787428235649787063
Transform:
  m_ObjectHideFlags: 0
  m_CorrespondingSourceObject: {fileID: 0}
  m_PrefabInstance: {fileID: 0}
  m_PrefabAsset: {fileID: 0}
  m_GameObject: {fileID: 3954228912629364874}
  m_LocalRotation: {x: -0.0670351, y: -0.08411376, z: 0.04228215, w: 0.99329925}
  m_LocalPosition: {x: -4.928513e-10, y: 0.28836048, z: -1.7220798e-10}
  m_LocalScale: {x: 1, y: 1, z: 1}
  m_Children:
  - {fileID: 3466654589676965939}
  - {fileID: 7121362733346207789}
  - {fileID: 1591798917668360116}
  - {fileID: 5457121341712419954}
  - {fileID: 5493770452279548069}
  m_Father: {fileID: 8796247246561295131}
  m_RootOrder: 0
  m_LocalEulerAnglesHint: {x: 0, y: 0, z: 0}
--- !u!1 &3994651128927533120
GameObject:
  m_ObjectHideFlags: 0
  m_CorrespondingSourceObject: {fileID: 0}
  m_PrefabInstance: {fileID: 0}
  m_PrefabAsset: {fileID: 0}
  serializedVersion: 6
  m_Component:
  - component: {fileID: 7998514804536398805}
  m_Layer: 0
  m_Name: mixamorig10:RightHandMiddle3
  m_TagString: Untagged
  m_Icon: {fileID: 0}
  m_NavMeshLayer: 0
  m_StaticEditorFlags: 0
  m_IsActive: 1
--- !u!4 &7998514804536398805
Transform:
  m_ObjectHideFlags: 0
  m_CorrespondingSourceObject: {fileID: 0}
  m_PrefabInstance: {fileID: 0}
  m_PrefabAsset: {fileID: 0}
  m_GameObject: {fileID: 3994651128927533120}
  m_LocalRotation: {x: 0.33412862, y: 0.0064554587, z: -0.009883534, w: 0.94245356}
  m_LocalPosition: {x: -0.000005553388, y: 0.03579059, z: 5.582544e-10}
  m_LocalScale: {x: 1, y: 1, z: 1}
  m_Children:
  - {fileID: 6237038581046096515}
  m_Father: {fileID: 5209510128140603206}
  m_RootOrder: 0
  m_LocalEulerAnglesHint: {x: 0, y: 0, z: 0}
--- !u!1 &4113285317855990637
GameObject:
  m_ObjectHideFlags: 0
  m_CorrespondingSourceObject: {fileID: 0}
  m_PrefabInstance: {fileID: 0}
  m_PrefabAsset: {fileID: 0}
  serializedVersion: 6
  m_Component:
  - component: {fileID: 885226358562948536}
  m_Layer: 0
  m_Name: mixamorig10:LeftHandMiddle4
  m_TagString: Untagged
  m_Icon: {fileID: 0}
  m_NavMeshLayer: 0
  m_StaticEditorFlags: 0
  m_IsActive: 1
--- !u!4 &885226358562948536
Transform:
  m_ObjectHideFlags: 0
  m_CorrespondingSourceObject: {fileID: 0}
  m_PrefabInstance: {fileID: 0}
  m_PrefabAsset: {fileID: 0}
  m_GameObject: {fileID: 4113285317855990637}
  m_LocalRotation: {x: 0, y: -0, z: -0, w: 1}
  m_LocalPosition: {x: 0.0005930968, y: 0.034833055, z: 1.1202303e-10}
  m_LocalScale: {x: 1, y: 1, z: 1}
  m_Children: []
  m_Father: {fileID: 2413681968146659510}
  m_RootOrder: 0
  m_LocalEulerAnglesHint: {x: 0, y: 0, z: 0}
--- !u!1 &4303805575797346887
GameObject:
  m_ObjectHideFlags: 0
  m_CorrespondingSourceObject: {fileID: 0}
  m_PrefabInstance: {fileID: 0}
  m_PrefabAsset: {fileID: 0}
  serializedVersion: 6
  m_Component:
  - component: {fileID: 5425604265981595704}
  m_Layer: 0
  m_Name: mixamorig10:RightHandThumb3
  m_TagString: Untagged
  m_Icon: {fileID: 0}
  m_NavMeshLayer: 0
  m_StaticEditorFlags: 0
  m_IsActive: 1
--- !u!4 &5425604265981595704
Transform:
  m_ObjectHideFlags: 0
  m_CorrespondingSourceObject: {fileID: 0}
  m_PrefabInstance: {fileID: 0}
  m_PrefabAsset: {fileID: 0}
  m_GameObject: {fileID: 4303805575797346887}
  m_LocalRotation: {x: -0.057354156, y: 0.01864018, z: 0.03164756, w: 0.99767804}
  m_LocalPosition: {x: -0.0002093035, y: 0.038863078, z: 0.0000000012217112}
  m_LocalScale: {x: 1, y: 1, z: 1}
  m_Children:
  - {fileID: 8552385835039918525}
  m_Father: {fileID: 1768806599041852125}
  m_RootOrder: 0
  m_LocalEulerAnglesHint: {x: 0, y: 0, z: 0}
--- !u!1 &4336113278537859579
GameObject:
  m_ObjectHideFlags: 0
  m_CorrespondingSourceObject: {fileID: 0}
  m_PrefabInstance: {fileID: 0}
  m_PrefabAsset: {fileID: 0}
  serializedVersion: 6
  m_Component:
  - component: {fileID: 1678066028732037857}
  m_Layer: 0
  m_Name: mixamorig10:RightHandRing2
  m_TagString: Untagged
  m_Icon: {fileID: 0}
  m_NavMeshLayer: 0
  m_StaticEditorFlags: 0
  m_IsActive: 1
--- !u!4 &1678066028732037857
Transform:
  m_ObjectHideFlags: 0
  m_CorrespondingSourceObject: {fileID: 0}
  m_PrefabInstance: {fileID: 0}
  m_PrefabAsset: {fileID: 0}
  m_GameObject: {fileID: 4336113278537859579}
  m_LocalRotation: {x: 0.22627234, y: 0.00029057058, z: -0.008052836, w: 0.97403073}
  m_LocalPosition: {x: 0.00033482903, y: 0.029973287, z: -7.398739e-11}
  m_LocalScale: {x: 1, y: 1, z: 1}
  m_Children:
  - {fileID: 2241518865747425945}
  m_Father: {fileID: 5457121341712419954}
  m_RootOrder: 0
  m_LocalEulerAnglesHint: {x: 0, y: 0, z: 0}
--- !u!1 &4605624096076961756
GameObject:
  m_ObjectHideFlags: 0
  m_CorrespondingSourceObject: {fileID: 0}
  m_PrefabInstance: {fileID: 0}
  m_PrefabAsset: {fileID: 0}
  serializedVersion: 6
  m_Component:
  - component: {fileID: 1488176977801008513}
  m_Layer: 0
  m_Name: mixamorig10:LeftHandPinky4
  m_TagString: Untagged
  m_Icon: {fileID: 0}
  m_NavMeshLayer: 0
  m_StaticEditorFlags: 0
  m_IsActive: 1
--- !u!4 &1488176977801008513
Transform:
  m_ObjectHideFlags: 0
  m_CorrespondingSourceObject: {fileID: 0}
  m_PrefabInstance: {fileID: 0}
  m_PrefabAsset: {fileID: 0}
  m_GameObject: {fileID: 4605624096076961756}
  m_LocalRotation: {x: 0, y: -0, z: -0, w: 1}
  m_LocalPosition: {x: -0.00013916142, y: 0.024387905, z: -0.0000000025323632}
  m_LocalScale: {x: 1, y: 1, z: 1}
  m_Children: []
  m_Father: {fileID: 388433471388599798}
  m_RootOrder: 0
  m_LocalEulerAnglesHint: {x: 0, y: 0, z: 0}
--- !u!1 &4718109944888846396
GameObject:
  m_ObjectHideFlags: 0
  m_CorrespondingSourceObject: {fileID: 0}
  m_PrefabInstance: {fileID: 0}
  m_PrefabAsset: {fileID: 0}
  serializedVersion: 6
  m_Component:
  - component: {fileID: 5745081539367929640}
  m_Layer: 0
  m_Name: mixamorig10:LeftLeg
  m_TagString: Untagged
  m_Icon: {fileID: 0}
  m_NavMeshLayer: 0
  m_StaticEditorFlags: 0
  m_IsActive: 1
--- !u!4 &5745081539367929640
Transform:
  m_ObjectHideFlags: 0
  m_CorrespondingSourceObject: {fileID: 0}
  m_PrefabInstance: {fileID: 0}
  m_PrefabAsset: {fileID: 0}
  m_GameObject: {fileID: 4718109944888846396}
  m_LocalRotation: {x: -0.40888962, y: -0.032925412, z: 0.09142176, w: 0.9073959}
  m_LocalPosition: {x: 6.3526195e-10, y: 0.4378538, z: 4.0920167e-12}
  m_LocalScale: {x: 1, y: 1, z: 1}
  m_Children:
  - {fileID: 7269172430708517400}
  m_Father: {fileID: 7258493908719257480}
  m_RootOrder: 0
  m_LocalEulerAnglesHint: {x: 0, y: 0, z: 0}
--- !u!1 &4796789675110257191
GameObject:
  m_ObjectHideFlags: 0
  m_CorrespondingSourceObject: {fileID: 0}
  m_PrefabInstance: {fileID: 0}
  m_PrefabAsset: {fileID: 0}
  serializedVersion: 6
  m_Component:
  - component: {fileID: 7763988831415718312}
  m_Layer: 0
  m_Name: mixamorig10:RightArm
  m_TagString: Untagged
  m_Icon: {fileID: 0}
  m_NavMeshLayer: 0
  m_StaticEditorFlags: 0
  m_IsActive: 1
--- !u!4 &7763988831415718312
Transform:
  m_ObjectHideFlags: 0
  m_CorrespondingSourceObject: {fileID: 0}
  m_PrefabInstance: {fileID: 0}
  m_PrefabAsset: {fileID: 0}
  m_GameObject: {fileID: 4796789675110257191}
  m_LocalRotation: {x: 0.16348457, y: -0.39039764, z: -0.056984656, w: 0.90422076}
  m_LocalPosition: {x: -4.027961e-11, y: 0.110060066, z: -0.0000000020332809}
  m_LocalScale: {x: 1, y: 1, z: 1}
  m_Children:
  - {fileID: 8796247246561295131}
  m_Father: {fileID: 1892056260006336481}
  m_RootOrder: 0
  m_LocalEulerAnglesHint: {x: 0, y: 0, z: 0}
--- !u!1 &4928648102081690963
GameObject:
  m_ObjectHideFlags: 0
  m_CorrespondingSourceObject: {fileID: 0}
  m_PrefabInstance: {fileID: 0}
  m_PrefabAsset: {fileID: 0}
  serializedVersion: 6
  m_Component:
  - component: {fileID: 4772309866920319847}
  m_Layer: 0
  m_Name: mixamorig10:RightHandIndex4
  m_TagString: Untagged
  m_Icon: {fileID: 0}
  m_NavMeshLayer: 0
  m_StaticEditorFlags: 0
  m_IsActive: 1
--- !u!4 &4772309866920319847
Transform:
  m_ObjectHideFlags: 0
  m_CorrespondingSourceObject: {fileID: 0}
  m_PrefabInstance: {fileID: 0}
  m_PrefabAsset: {fileID: 0}
  m_GameObject: {fileID: 4928648102081690963}
  m_LocalRotation: {x: 0, y: -0, z: -0, w: 1}
  m_LocalPosition: {x: -0.00045863778, y: 0.032862492, z: -2.1669648e-10}
  m_LocalScale: {x: 1, y: 1, z: 1}
  m_Children: []
  m_Father: {fileID: 3311203730287467316}
  m_RootOrder: 0
  m_LocalEulerAnglesHint: {x: 0, y: 0, z: 0}
--- !u!1 &5030093154698924351
GameObject:
  m_ObjectHideFlags: 0
  m_CorrespondingSourceObject: {fileID: 0}
  m_PrefabInstance: {fileID: 0}
  m_PrefabAsset: {fileID: 0}
  serializedVersion: 6
  m_Component:
  - component: {fileID: 385101954715477256}
  m_Layer: 0
  m_Name: mixamorig10:HeadTop_End
  m_TagString: Untagged
  m_Icon: {fileID: 0}
  m_NavMeshLayer: 0
  m_StaticEditorFlags: 0
  m_IsActive: 1
--- !u!4 &385101954715477256
Transform:
  m_ObjectHideFlags: 0
  m_CorrespondingSourceObject: {fileID: 0}
  m_PrefabInstance: {fileID: 0}
  m_PrefabAsset: {fileID: 0}
  m_GameObject: {fileID: 5030093154698924351}
  m_LocalRotation: {x: 0, y: -0, z: -0, w: 1}
  m_LocalPosition: {x: -0, y: 0.23789382, z: 0.0592728}
  m_LocalScale: {x: 1, y: 1, z: 1}
  m_Children: []
  m_Father: {fileID: 4655011651053017680}
  m_RootOrder: 0
  m_LocalEulerAnglesHint: {x: 0, y: 0, z: 0}
--- !u!1 &5205059622965264436
GameObject:
  m_ObjectHideFlags: 0
  m_CorrespondingSourceObject: {fileID: 0}
  m_PrefabInstance: {fileID: 0}
  m_PrefabAsset: {fileID: 0}
  serializedVersion: 6
  m_Component:
  - component: {fileID: 5561413700356147928}
  m_Layer: 0
  m_Name: mixamorig10:RightLeg
  m_TagString: Untagged
  m_Icon: {fileID: 0}
  m_NavMeshLayer: 0
  m_StaticEditorFlags: 0
  m_IsActive: 1
--- !u!4 &5561413700356147928
Transform:
  m_ObjectHideFlags: 0
  m_CorrespondingSourceObject: {fileID: 0}
  m_PrefabInstance: {fileID: 0}
  m_PrefabAsset: {fileID: 0}
  m_GameObject: {fileID: 5205059622965264436}
  m_LocalRotation: {x: -0.4366147, y: 0.04396994, z: 0.061979584, w: 0.8964334}
  m_LocalPosition: {x: 7.448055e-11, y: 0.4379412, z: 4.5880126e-11}
  m_LocalScale: {x: 1, y: 1, z: 1}
  m_Children:
  - {fileID: 1212708147546268100}
  m_Father: {fileID: 2768795781183540992}
  m_RootOrder: 0
  m_LocalEulerAnglesHint: {x: 0, y: 0, z: 0}
--- !u!1 &5256974888149880879
GameObject:
  m_ObjectHideFlags: 0
  m_CorrespondingSourceObject: {fileID: 0}
  m_PrefabInstance: {fileID: 0}
  m_PrefabAsset: {fileID: 0}
  serializedVersion: 6
  m_Component:
  - component: {fileID: 9038561253820966004}
  m_Layer: 0
  m_Name: mixamorig10:LeftHandThumb2
  m_TagString: Untagged
  m_Icon: {fileID: 0}
  m_NavMeshLayer: 0
  m_StaticEditorFlags: 0
  m_IsActive: 1
--- !u!4 &9038561253820966004
Transform:
  m_ObjectHideFlags: 0
  m_CorrespondingSourceObject: {fileID: 0}
  m_PrefabInstance: {fileID: 0}
  m_PrefabAsset: {fileID: 0}
  m_GameObject: {fileID: 5256974888149880879}
  m_LocalRotation: {x: 0.02149245, y: 0.072408214, z: -0.045624238, w: 0.9960992}
  m_LocalPosition: {x: 0.012421727, y: 0.02771842, z: 6.062197e-10}
  m_LocalScale: {x: 1, y: 1, z: 1}
  m_Children:
  - {fileID: 8499390924814545487}
  m_Father: {fileID: 976558544083574070}
  m_RootOrder: 0
  m_LocalEulerAnglesHint: {x: 0, y: 0, z: 0}
--- !u!1 &5570957022539958579
GameObject:
  m_ObjectHideFlags: 0
  m_CorrespondingSourceObject: {fileID: 0}
  m_PrefabInstance: {fileID: 0}
  m_PrefabAsset: {fileID: 0}
  serializedVersion: 6
  m_Component:
  - component: {fileID: 4004491088461388559}
  m_Layer: 0
  m_Name: mixamorig10:RightToeBase
  m_TagString: Untagged
  m_Icon: {fileID: 0}
  m_NavMeshLayer: 0
  m_StaticEditorFlags: 0
  m_IsActive: 1
--- !u!4 &4004491088461388559
Transform:
  m_ObjectHideFlags: 0
  m_CorrespondingSourceObject: {fileID: 0}
  m_PrefabInstance: {fileID: 0}
  m_PrefabAsset: {fileID: 0}
  m_GameObject: {fileID: 5570957022539958579}
  m_LocalRotation: {x: 0.29857114, y: -0.06468186, z: 0.031857528, w: 0.95166}
  m_LocalPosition: {x: 7.5638507e-10, y: 0.17422023, z: -0.000000008855649}
  m_LocalScale: {x: 1, y: 1, z: 1}
  m_Children:
  - {fileID: 1798105470961462203}
  m_Father: {fileID: 1212708147546268100}
  m_RootOrder: 0
  m_LocalEulerAnglesHint: {x: 0, y: 0, z: 0}
--- !u!1 &5739767022723780555
GameObject:
  m_ObjectHideFlags: 0
  m_CorrespondingSourceObject: {fileID: 0}
  m_PrefabInstance: {fileID: 0}
  m_PrefabAsset: {fileID: 0}
  serializedVersion: 6
  m_Component:
  - component: {fileID: 3827663736434729267}
  m_Layer: 0
  m_Name: mixamorig10:LeftHandRing2
  m_TagString: Untagged
  m_Icon: {fileID: 0}
  m_NavMeshLayer: 0
  m_StaticEditorFlags: 0
  m_IsActive: 1
--- !u!4 &3827663736434729267
Transform:
  m_ObjectHideFlags: 0
  m_CorrespondingSourceObject: {fileID: 0}
  m_PrefabInstance: {fileID: 0}
  m_PrefabAsset: {fileID: 0}
  m_GameObject: {fileID: 5739767022723780555}
  m_LocalRotation: {x: 0.2598333, y: 0.0009142, z: 0.009523742, w: 0.9656061}
  m_LocalPosition: {x: -0.00022949837, y: 0.029877378, z: -9.786959e-11}
  m_LocalScale: {x: 1, y: 1, z: 1}
  m_Children:
  - {fileID: 3550646317332660086}
  m_Father: {fileID: 2276082470057379280}
  m_RootOrder: 0
  m_LocalEulerAnglesHint: {x: 0, y: 0, z: 0}
--- !u!1 &5922840084439317170
GameObject:
  m_ObjectHideFlags: 0
  m_CorrespondingSourceObject: {fileID: 0}
  m_PrefabInstance: {fileID: 0}
  m_PrefabAsset: {fileID: 0}
  serializedVersion: 6
  m_Component:
  - component: {fileID: 6114735711554643825}
  m_Layer: 0
  m_Name: mixamorig10:LeftHand
  m_TagString: Untagged
  m_Icon: {fileID: 0}
  m_NavMeshLayer: 0
  m_StaticEditorFlags: 0
  m_IsActive: 1
--- !u!4 &6114735711554643825
Transform:
  m_ObjectHideFlags: 0
  m_CorrespondingSourceObject: {fileID: 0}
  m_PrefabInstance: {fileID: 0}
  m_PrefabAsset: {fileID: 0}
  m_GameObject: {fileID: 5922840084439317170}
  m_LocalRotation: {x: -0.120615974, y: -0.18696098, z: -0.012185503, w: 0.9748584}
  m_LocalPosition: {x: 4.705148e-10, y: 0.28840968, z: 1.2402097e-10}
  m_LocalScale: {x: 1, y: 1, z: 1}
  m_Children:
  - {fileID: 6316608290983573578}
  - {fileID: 1794115103009698085}
  - {fileID: 365811528656990342}
  - {fileID: 2276082470057379280}
  - {fileID: 976558544083574070}
  m_Father: {fileID: 8939253564438776938}
  m_RootOrder: 0
  m_LocalEulerAnglesHint: {x: 0, y: 0, z: 0}
--- !u!1 &5988229549271820804
GameObject:
  m_ObjectHideFlags: 0
  m_CorrespondingSourceObject: {fileID: 0}
  m_PrefabInstance: {fileID: 0}
  m_PrefabAsset: {fileID: 0}
  serializedVersion: 6
  m_Component:
  - component: {fileID: 8009192847662453488}
  m_Layer: 0
  m_Name: mixamorig10:RightHandRing4
  m_TagString: Untagged
  m_Icon: {fileID: 0}
  m_NavMeshLayer: 0
  m_StaticEditorFlags: 0
  m_IsActive: 1
--- !u!4 &8009192847662453488
Transform:
  m_ObjectHideFlags: 0
  m_CorrespondingSourceObject: {fileID: 0}
  m_PrefabInstance: {fileID: 0}
  m_PrefabAsset: {fileID: 0}
  m_GameObject: {fileID: 5988229549271820804}
  m_LocalRotation: {x: 0, y: -0, z: -0, w: 1}
  m_LocalPosition: {x: -0.00030259675, y: 0.028139403, z: 5.5992216e-10}
  m_LocalScale: {x: 1, y: 1, z: 1}
  m_Children: []
  m_Father: {fileID: 2241518865747425945}
  m_RootOrder: 0
  m_LocalEulerAnglesHint: {x: 0, y: 0, z: 0}
--- !u!1 &6021106211193000412
GameObject:
  m_ObjectHideFlags: 0
  m_CorrespondingSourceObject: {fileID: 0}
  m_PrefabInstance: {fileID: 0}
  m_PrefabAsset: {fileID: 0}
  serializedVersion: 6
  m_Component:
  - component: {fileID: 5038552994609525549}
  m_Layer: 0
  m_Name: mixamorig10:RightHandIndex2
  m_TagString: Untagged
  m_Icon: {fileID: 0}
  m_NavMeshLayer: 0
  m_StaticEditorFlags: 0
  m_IsActive: 1
--- !u!4 &5038552994609525549
Transform:
  m_ObjectHideFlags: 0
  m_CorrespondingSourceObject: {fileID: 0}
  m_PrefabInstance: {fileID: 0}
  m_PrefabAsset: {fileID: 0}
  m_GameObject: {fileID: 6021106211193000412}
  m_LocalRotation: {x: 0.15673427, y: -0.0016525871, z: -0.012524232, w: 0.98756003}
  m_LocalPosition: {x: 0.00058182125, y: 0.036014017, z: -3.864366e-10}
  m_LocalScale: {x: 1, y: 1, z: 1}
  m_Children:
  - {fileID: 3311203730287467316}
  m_Father: {fileID: 3466654589676965939}
  m_RootOrder: 0
  m_LocalEulerAnglesHint: {x: 0, y: 0, z: 0}
--- !u!1 &6388184700718547802
GameObject:
  m_ObjectHideFlags: 0
  m_CorrespondingSourceObject: {fileID: 0}
  m_PrefabInstance: {fileID: 0}
  m_PrefabAsset: {fileID: 0}
  serializedVersion: 6
  m_Component:
  - component: {fileID: 4408075774117798638}
  m_Layer: 0
  m_Name: mixamorig10:LeftHandThumb4
  m_TagString: Untagged
  m_Icon: {fileID: 0}
  m_NavMeshLayer: 0
  m_StaticEditorFlags: 0
  m_IsActive: 1
--- !u!4 &4408075774117798638
Transform:
  m_ObjectHideFlags: 0
  m_CorrespondingSourceObject: {fileID: 0}
  m_PrefabInstance: {fileID: 0}
  m_PrefabAsset: {fileID: 0}
  m_GameObject: {fileID: 6388184700718547802}
  m_LocalRotation: {x: 0, y: -0, z: -0, w: 1}
  m_LocalPosition: {x: -0.0126882205, y: 0.038627233, z: 9.4293566e-11}
  m_LocalScale: {x: 1, y: 1, z: 1}
  m_Children: []
  m_Father: {fileID: 8499390924814545487}
  m_RootOrder: 0
  m_LocalEulerAnglesHint: {x: 0, y: 0, z: 0}
--- !u!1 &6461838125486584242
GameObject:
  m_ObjectHideFlags: 0
  m_CorrespondingSourceObject: {fileID: 0}
  m_PrefabInstance: {fileID: 0}
  m_PrefabAsset: {fileID: 0}
  serializedVersion: 6
  m_Component:
  - component: {fileID: 1232535104234446554}
  m_Layer: 0
  m_Name: mixamorig10:Hips
  m_TagString: Untagged
  m_Icon: {fileID: 0}
  m_NavMeshLayer: 0
  m_StaticEditorFlags: 0
  m_IsActive: 1
--- !u!4 &1232535104234446554
Transform:
  m_ObjectHideFlags: 0
  m_CorrespondingSourceObject: {fileID: 0}
  m_PrefabInstance: {fileID: 0}
  m_PrefabAsset: {fileID: 0}
  m_GameObject: {fileID: 6461838125486584242}
  m_LocalRotation: {x: -0.004421781, y: 0.48720723, z: -0.036254536, w: 0.8725223}
  m_LocalPosition: {x: -0.0029771004, y: 0.90705943, z: 0.0001893267}
  m_LocalScale: {x: 1, y: 1, z: 1}
  m_Children:
  - {fileID: 7258493908719257480}
  - {fileID: 2768795781183540992}
  - {fileID: 4128366863125085038}
  m_Father: {fileID: 3953781468091617584}
  m_RootOrder: 1
  m_LocalEulerAnglesHint: {x: 0, y: 0, z: 0}
--- !u!1 &7073359252849240641
GameObject:
  m_ObjectHideFlags: 0
  m_CorrespondingSourceObject: {fileID: 0}
  m_PrefabInstance: {fileID: 0}
  m_PrefabAsset: {fileID: 0}
  serializedVersion: 6
  m_Component:
  - component: {fileID: 6625960836923761686}
  m_Layer: 0
  m_Name: mixamorig10:RightHandPinky2
  m_TagString: Untagged
  m_Icon: {fileID: 0}
  m_NavMeshLayer: 0
  m_StaticEditorFlags: 0
  m_IsActive: 1
--- !u!4 &6625960836923761686
Transform:
  m_ObjectHideFlags: 0
  m_CorrespondingSourceObject: {fileID: 0}
  m_PrefabInstance: {fileID: 0}
  m_PrefabAsset: {fileID: 0}
  m_GameObject: {fileID: 7073359252849240641}
  m_LocalRotation: {x: 0.3159624, y: 0.0017877467, z: -0.004727068, w: 0.94875824}
  m_LocalPosition: {x: -0.0000621188, y: 0.029583802, z: -1.4657928e-10}
  m_LocalScale: {x: 1, y: 1, z: 1}
  m_Children:
  - {fileID: 6052502227462560740}
  m_Father: {fileID: 1591798917668360116}
  m_RootOrder: 0
  m_LocalEulerAnglesHint: {x: 0, y: 0, z: 0}
--- !u!1 &7090035208380532729
GameObject:
  m_ObjectHideFlags: 0
  m_CorrespondingSourceObject: {fileID: 0}
  m_PrefabInstance: {fileID: 0}
  m_PrefabAsset: {fileID: 0}
  serializedVersion: 6
  m_Component:
  - component: {fileID: 8739788616034525629}
  m_Layer: 0
  m_Name: mixamorig10:LeftToe_End
  m_TagString: Untagged
  m_Icon: {fileID: 0}
  m_NavMeshLayer: 0
  m_StaticEditorFlags: 0
  m_IsActive: 1
--- !u!4 &8739788616034525629
Transform:
  m_ObjectHideFlags: 0
  m_CorrespondingSourceObject: {fileID: 0}
  m_PrefabInstance: {fileID: 0}
  m_PrefabAsset: {fileID: 0}
  m_GameObject: {fileID: 7090035208380532729}
  m_LocalRotation: {x: 0, y: -0, z: -0, w: 1}
  m_LocalPosition: {x: -2.8704958e-10, y: 0.06160793, z: 2.3627342e-10}
  m_LocalScale: {x: 1, y: 1, z: 1}
  m_Children: []
  m_Father: {fileID: 1927934720541077780}
  m_RootOrder: 0
  m_LocalEulerAnglesHint: {x: 0, y: 0, z: 0}
--- !u!1 &7124387650910764840
GameObject:
  m_ObjectHideFlags: 0
  m_CorrespondingSourceObject: {fileID: 0}
  m_PrefabInstance: {fileID: 0}
  m_PrefabAsset: {fileID: 0}
  serializedVersion: 6
  m_Component:
  - component: {fileID: 3466654589676965939}
  m_Layer: 0
  m_Name: mixamorig10:RightHandIndex1
  m_TagString: Untagged
  m_Icon: {fileID: 0}
  m_NavMeshLayer: 0
  m_StaticEditorFlags: 0
  m_IsActive: 1
--- !u!4 &3466654589676965939
Transform:
  m_ObjectHideFlags: 0
  m_CorrespondingSourceObject: {fileID: 0}
  m_PrefabInstance: {fileID: 0}
  m_PrefabAsset: {fileID: 0}
  m_GameObject: {fileID: 7124387650910764840}
  m_LocalRotation: {x: -0.12600061, y: 0.15091689, z: 0.17883836, w: 0.9640357}
  m_LocalPosition: {x: -0.036116336, y: 0.08327342, z: -0.00076079}
  m_LocalScale: {x: 1, y: 1, z: 1}
  m_Children:
  - {fileID: 5038552994609525549}
  m_Father: {fileID: 787428235649787063}
  m_RootOrder: 0
  m_LocalEulerAnglesHint: {x: 0, y: 0, z: 0}
--- !u!1 &7125029019634932226
GameObject:
  m_ObjectHideFlags: 0
  m_CorrespondingSourceObject: {fileID: 0}
  m_PrefabInstance: {fileID: 0}
  m_PrefabAsset: {fileID: 0}
  serializedVersion: 6
  m_Component:
  - component: {fileID: 2413681968146659510}
  m_Layer: 0
  m_Name: mixamorig10:LeftHandMiddle3
  m_TagString: Untagged
  m_Icon: {fileID: 0}
  m_NavMeshLayer: 0
  m_StaticEditorFlags: 0
  m_IsActive: 1
--- !u!4 &2413681968146659510
Transform:
  m_ObjectHideFlags: 0
  m_CorrespondingSourceObject: {fileID: 0}
  m_PrefabInstance: {fileID: 0}
  m_PrefabAsset: {fileID: 0}
  m_GameObject: {fileID: 7125029019634932226}
  m_LocalRotation: {x: 0.37744784, y: -0.0054095774, z: 0.010700314, w: 0.92595327}
  m_LocalPosition: {x: 0.0000471614, y: 0.035941813, z: 8.4380897e-10}
  m_LocalScale: {x: 1, y: 1, z: 1}
  m_Children:
  - {fileID: 885226358562948536}
  m_Father: {fileID: 391201290633847075}
  m_RootOrder: 0
  m_LocalEulerAnglesHint: {x: 0, y: 0, z: 0}
--- !u!1 &7448563798585912997
GameObject:
  m_ObjectHideFlags: 0
  m_CorrespondingSourceObject: {fileID: 0}
  m_PrefabInstance: {fileID: 0}
  m_PrefabAsset: {fileID: 0}
  serializedVersion: 6
  m_Component:
  - component: {fileID: 388433471388599798}
  m_Layer: 0
  m_Name: mixamorig10:LeftHandPinky3
  m_TagString: Untagged
  m_Icon: {fileID: 0}
  m_NavMeshLayer: 0
  m_StaticEditorFlags: 0
  m_IsActive: 1
--- !u!4 &388433471388599798
Transform:
  m_ObjectHideFlags: 0
  m_CorrespondingSourceObject: {fileID: 0}
  m_PrefabInstance: {fileID: 0}
  m_PrefabAsset: {fileID: 0}
  m_GameObject: {fileID: 7448563798585912997}
  m_LocalRotation: {x: 0.3930073, y: -0.0002469155, z: 0.0030437703, w: 0.91953033}
  m_LocalPosition: {x: -0.000027008648, y: 0.025275096, z: -0.0000000013349577}
  m_LocalScale: {x: 1, y: 1, z: 1}
  m_Children:
  - {fileID: 1488176977801008513}
  m_Father: {fileID: 6628978237092155702}
  m_RootOrder: 0
  m_LocalEulerAnglesHint: {x: 0, y: 0, z: 0}
--- !u!1 &7965065160332985522
GameObject:
  m_ObjectHideFlags: 0
  m_CorrespondingSourceObject: {fileID: 0}
  m_PrefabInstance: {fileID: 0}
  m_PrefabAsset: {fileID: 0}
  serializedVersion: 6
  m_Component:
  - component: {fileID: 6778555731307306080}
  m_Layer: 0
  m_Name: mixamorig10:LeftHandIndex3
  m_TagString: Untagged
  m_Icon: {fileID: 0}
  m_NavMeshLayer: 0
  m_StaticEditorFlags: 0
  m_IsActive: 1
--- !u!4 &6778555731307306080
Transform:
  m_ObjectHideFlags: 0
  m_CorrespondingSourceObject: {fileID: 0}
  m_PrefabInstance: {fileID: 0}
  m_PrefabAsset: {fileID: 0}
  m_GameObject: {fileID: 7965065160332985522}
  m_LocalRotation: {x: 0.27780685, y: 0.00016897247, z: 0.010343141, w: 0.9605813}
  m_LocalPosition: {x: 0.000065220906, y: 0.03457219, z: -0.0000000011755804}
  m_LocalScale: {x: 1, y: 1, z: 1}
  m_Children:
  - {fileID: 191176090920891474}
  m_Father: {fileID: 7042467232489540802}
  m_RootOrder: 0
  m_LocalEulerAnglesHint: {x: 0, y: 0, z: 0}
--- !u!1 &8332806662676127590
GameObject:
  m_ObjectHideFlags: 0
  m_CorrespondingSourceObject: {fileID: 0}
  m_PrefabInstance: {fileID: 0}
  m_PrefabAsset: {fileID: 0}
  serializedVersion: 6
  m_Component:
  - component: {fileID: 8332806662676127591}
  m_Layer: 0
  m_Name: ProjectileEmitter
  m_TagString: Untagged
  m_Icon: {fileID: 0}
  m_NavMeshLayer: 0
  m_StaticEditorFlags: 0
  m_IsActive: 1
--- !u!4 &8332806662676127591
Transform:
  m_ObjectHideFlags: 0
  m_CorrespondingSourceObject: {fileID: 0}
  m_PrefabInstance: {fileID: 0}
  m_PrefabAsset: {fileID: 0}
  m_GameObject: {fileID: 8332806662676127590}
  m_LocalRotation: {x: -0, y: -0.026612885, z: 0, w: -0.9996459}
  m_LocalPosition: {x: 0.27, y: 1.2090007, z: 0.82}
  m_LocalScale: {x: 1, y: 1, z: 1}
  m_Children: []
  m_Father: {fileID: 3953781468091617584}
  m_RootOrder: 2
  m_LocalEulerAnglesHint: {x: 0, y: 0, z: 0}
--- !u!1 &8431486522480726737
GameObject:
  m_ObjectHideFlags: 0
  m_CorrespondingSourceObject: {fileID: 0}
  m_PrefabInstance: {fileID: 0}
  m_PrefabAsset: {fileID: 0}
  serializedVersion: 6
  m_Component:
  - component: {fileID: 8552385835039918525}
  m_Layer: 0
  m_Name: mixamorig10:RightHandThumb4
  m_TagString: Untagged
  m_Icon: {fileID: 0}
  m_NavMeshLayer: 0
  m_StaticEditorFlags: 0
  m_IsActive: 1
--- !u!4 &8552385835039918525
Transform:
  m_ObjectHideFlags: 0
  m_CorrespondingSourceObject: {fileID: 0}
  m_PrefabInstance: {fileID: 0}
  m_PrefabAsset: {fileID: 0}
  m_GameObject: {fileID: 8431486522480726737}
  m_LocalRotation: {x: 0, y: -0, z: -0, w: 1}
  m_LocalPosition: {x: 0.012261045, y: 0.037918966, z: 9.580102e-10}
  m_LocalScale: {x: 1, y: 1, z: 1}
  m_Children: []
  m_Father: {fileID: 5425604265981595704}
  m_RootOrder: 0
  m_LocalEulerAnglesHint: {x: 0, y: 0, z: 0}
--- !u!1 &8530692589237655606
GameObject:
  m_ObjectHideFlags: 0
  m_CorrespondingSourceObject: {fileID: 0}
  m_PrefabInstance: {fileID: 0}
  m_PrefabAsset: {fileID: 0}
  serializedVersion: 6
  m_Component:
  - component: {fileID: 7455271919482463930}
  m_Layer: 0
  m_Name: mixamorig10:Neck
  m_TagString: Untagged
  m_Icon: {fileID: 0}
  m_NavMeshLayer: 0
  m_StaticEditorFlags: 0
  m_IsActive: 1
--- !u!4 &7455271919482463930
Transform:
  m_ObjectHideFlags: 0
  m_CorrespondingSourceObject: {fileID: 0}
  m_PrefabInstance: {fileID: 0}
  m_PrefabAsset: {fileID: 0}
  m_GameObject: {fileID: 8530692589237655606}
  m_LocalRotation: {x: -0.038174998, y: -0.077699736, z: -0.021606946, w: 0.9960113}
  m_LocalPosition: {x: -0, y: 0.14414527, z: 0.0000000012076468}
  m_LocalScale: {x: 1, y: 1, z: 1}
  m_Children:
  - {fileID: 4655011651053017680}
  m_Father: {fileID: 5402563646968854060}
  m_RootOrder: 1
  m_LocalEulerAnglesHint: {x: 0, y: 0, z: 0}
--- !u!1 &8545118323471272297
GameObject:
  m_ObjectHideFlags: 0
  m_CorrespondingSourceObject: {fileID: 0}
  m_PrefabInstance: {fileID: 0}
  m_PrefabAsset: {fileID: 0}
  serializedVersion: 6
  m_Component:
  - component: {fileID: 3550646317332660086}
  m_Layer: 0
  m_Name: mixamorig10:LeftHandRing3
  m_TagString: Untagged
  m_Icon: {fileID: 0}
  m_NavMeshLayer: 0
  m_StaticEditorFlags: 0
  m_IsActive: 1
--- !u!4 &3550646317332660086
Transform:
  m_ObjectHideFlags: 0
  m_CorrespondingSourceObject: {fileID: 0}
  m_PrefabInstance: {fileID: 0}
  m_PrefabAsset: {fileID: 0}
  m_GameObject: {fileID: 8545118323471272297}
  m_LocalRotation: {x: 0.3593797, y: -0.002010706, z: 0.0143806515, w: 0.93307847}
  m_LocalPosition: {x: 0.000027509252, y: 0.02755031, z: 4.319878e-10}
  m_LocalScale: {x: 1, y: 1, z: 1}
  m_Children:
  - {fileID: 1148717896638013662}
  m_Father: {fileID: 3827663736434729267}
  m_RootOrder: 0
  m_LocalEulerAnglesHint: {x: 0, y: 0, z: 0}
--- !u!1 &9174045795100303431
GameObject:
  m_ObjectHideFlags: 0
  m_CorrespondingSourceObject: {fileID: 0}
  m_PrefabInstance: {fileID: 0}
  m_PrefabAsset: {fileID: 0}
  serializedVersion: 6
  m_Component:
  - component: {fileID: 6316608290983573578}
  m_Layer: 0
  m_Name: mixamorig10:LeftHandIndex1
  m_TagString: Untagged
  m_Icon: {fileID: 0}
  m_NavMeshLayer: 0
  m_StaticEditorFlags: 0
  m_IsActive: 1
--- !u!4 &6316608290983573578
Transform:
  m_ObjectHideFlags: 0
  m_CorrespondingSourceObject: {fileID: 0}
  m_PrefabInstance: {fileID: 0}
  m_PrefabAsset: {fileID: 0}
  m_GameObject: {fileID: 9174045795100303431}
  m_LocalRotation: {x: -0.11484059, y: -0.109526366, z: -0.08857384, w: 0.98334646}
  m_LocalPosition: {x: 0.03531043, y: 0.08008185, z: 0.0000071936693}
  m_LocalScale: {x: 1, y: 1, z: 1}
  m_Children:
  - {fileID: 7042467232489540802}
  m_Father: {fileID: 6114735711554643825}
  m_RootOrder: 0
  m_LocalEulerAnglesHint: {x: 0, y: 0, z: 0}
--- !u!1 &9215231551792715943
GameObject:
  m_ObjectHideFlags: 0
  m_CorrespondingSourceObject: {fileID: 0}
  m_PrefabInstance: {fileID: 0}
  m_PrefabAsset: {fileID: 0}
  serializedVersion: 6
  m_Component:
  - component: {fileID: 4009904515628831660}
  - component: {fileID: 1781738800509662375}
  m_Layer: 0
  m_Name: Ch04
  m_TagString: Untagged
  m_Icon: {fileID: 0}
  m_NavMeshLayer: 0
  m_StaticEditorFlags: 0
  m_IsActive: 1
--- !u!4 &4009904515628831660
Transform:
  m_ObjectHideFlags: 0
  m_CorrespondingSourceObject: {fileID: 0}
  m_PrefabInstance: {fileID: 0}
  m_PrefabAsset: {fileID: 0}
  m_GameObject: {fileID: 9215231551792715943}
  m_LocalRotation: {x: 0, y: -0, z: -0, w: 1}
  m_LocalPosition: {x: -0, y: 0, z: 0}
  m_LocalScale: {x: 1, y: 1, z: 1}
  m_Children: []
  m_Father: {fileID: 3953781468091617584}
  m_RootOrder: 0
  m_LocalEulerAnglesHint: {x: 0, y: 0, z: 0}
--- !u!137 &1781738800509662375
SkinnedMeshRenderer:
  m_ObjectHideFlags: 0
  m_CorrespondingSourceObject: {fileID: 0}
  m_PrefabInstance: {fileID: 0}
  m_PrefabAsset: {fileID: 0}
  m_GameObject: {fileID: 9215231551792715943}
  m_Enabled: 1
  m_CastShadows: 1
  m_ReceiveShadows: 1
  m_DynamicOccludee: 1
  m_MotionVectors: 1
  m_LightProbeUsage: 1
  m_ReflectionProbeUsage: 1
  m_RenderingLayerMask: 1
  m_RendererPriority: 0
  m_Materials:
  - {fileID: 2647842642185431145, guid: 38662abd5fde561419c617efcf203577, type: 3}
  m_StaticBatchInfo:
    firstSubMesh: 0
    subMeshCount: 0
  m_StaticBatchRoot: {fileID: 0}
  m_ProbeAnchor: {fileID: 0}
  m_LightProbeVolumeOverride: {fileID: 0}
  m_ScaleInLightmap: 1
  m_ReceiveGI: 1
  m_PreserveUVs: 0
  m_IgnoreNormalsForChartDetection: 0
  m_ImportantGI: 0
  m_StitchLightmapSeams: 1
  m_SelectedEditorRenderState: 3
  m_MinimumChartSize: 4
  m_AutoUVMaxDistance: 0.5
  m_AutoUVMaxAngle: 89
  m_LightmapParameters: {fileID: 0}
  m_SortingLayerID: 0
  m_SortingLayer: 0
  m_SortingOrder: 0
  serializedVersion: 2
  m_Quality: 0
  m_UpdateWhenOffscreen: 0
  m_SkinnedMotionVectors: 1
  m_Mesh: {fileID: -6759905434855407535, guid: 38662abd5fde561419c617efcf203577, type: 3}
  m_Bones:
  - {fileID: 1232535104234446554}
  - {fileID: 4128366863125085038}
  - {fileID: 5249787440210642198}
  - {fileID: 5402563646968854060}
  - {fileID: 7455271919482463930}
  - {fileID: 4655011651053017680}
  - {fileID: 385101954715477256}
  - {fileID: 1367766977280194525}
  - {fileID: 150552443282380551}
  - {fileID: 8939253564438776938}
  - {fileID: 6114735711554643825}
  - {fileID: 976558544083574070}
  - {fileID: 9038561253820966004}
  - {fileID: 8499390924814545487}
  - {fileID: 4408075774117798638}
  - {fileID: 6316608290983573578}
  - {fileID: 7042467232489540802}
  - {fileID: 6778555731307306080}
  - {fileID: 191176090920891474}
  - {fileID: 1794115103009698085}
  - {fileID: 391201290633847075}
  - {fileID: 2413681968146659510}
  - {fileID: 885226358562948536}
  - {fileID: 2276082470057379280}
  - {fileID: 3827663736434729267}
  - {fileID: 3550646317332660086}
  - {fileID: 1148717896638013662}
  - {fileID: 365811528656990342}
  - {fileID: 6628978237092155702}
  - {fileID: 388433471388599798}
  - {fileID: 1488176977801008513}
  - {fileID: 1892056260006336481}
  - {fileID: 7763988831415718312}
  - {fileID: 8796247246561295131}
  - {fileID: 787428235649787063}
  - {fileID: 5493770452279548069}
  - {fileID: 1768806599041852125}
  - {fileID: 5425604265981595704}
  - {fileID: 8552385835039918525}
  - {fileID: 3466654589676965939}
  - {fileID: 5038552994609525549}
  - {fileID: 3311203730287467316}
  - {fileID: 4772309866920319847}
  - {fileID: 7121362733346207789}
  - {fileID: 5209510128140603206}
  - {fileID: 7998514804536398805}
  - {fileID: 6237038581046096515}
  - {fileID: 5457121341712419954}
  - {fileID: 1678066028732037857}
  - {fileID: 2241518865747425945}
  - {fileID: 8009192847662453488}
  - {fileID: 1591798917668360116}
  - {fileID: 6625960836923761686}
  - {fileID: 6052502227462560740}
  - {fileID: 4503256180223475053}
  - {fileID: 7258493908719257480}
  - {fileID: 5745081539367929640}
  - {fileID: 7269172430708517400}
  - {fileID: 1927934720541077780}
  - {fileID: 8739788616034525629}
  - {fileID: 2768795781183540992}
  - {fileID: 5561413700356147928}
  - {fileID: 1212708147546268100}
  - {fileID: 4004491088461388559}
  - {fileID: 1798105470961462203}
  m_BlendShapeWeights: []
  m_RootBone: {fileID: 1232535104234446554}
  m_AABB:
    m_Center: {x: 0.010109246, y: -0.110838115, z: 0.15797082}
    m_Extent: {x: 0.5798733, y: 0.92096645, z: 0.37935928}
  m_DirtyAABB: 0
