%YAML 1.1
%TAG !u! tag:unity3d.com,2011:
--- !u!1 &5383912026822235728
GameObject:
  m_ObjectHideFlags: 0
  m_CorrespondingSourceObject: {fileID: 0}
  m_PrefabInstance: {fileID: 0}
  m_PrefabAsset: {fileID: 0}
  serializedVersion: 6
  m_Component:
  - component: {fileID: 5383912026822235732}
  - component: {fileID: 5383912026822235735}
  - component: {fileID: 5383912026822235729}
  - component: {fileID: 5383912026822235734}
  m_Layer: 0
  m_Name: SwordPackageSpawner
  m_TagString: Untagged
  m_Icon: {fileID: 0}
  m_NavMeshLayer: 0
  m_StaticEditorFlags: 0
  m_IsActive: 1
--- !u!4 &5383912026822235732
Transform:
  m_ObjectHideFlags: 0
  m_CorrespondingSourceObject: {fileID: 0}
  m_PrefabInstance: {fileID: 0}
  m_PrefabAsset: {fileID: 0}
  m_GameObject: {fileID: 5383912026822235728}
  m_LocalRotation: {x: 0, y: 0, z: 0, w: 1}
  m_LocalPosition: {x: 0, y: 0, z: 0}
  m_LocalScale: {x: 1, y: 1, z: 1}
  m_Children:
  - {fileID: 8591945340387808399}
  m_Father: {fileID: 0}
  m_RootOrder: 0
  m_LocalEulerAnglesHint: {x: 0, y: 0, z: 0}
--- !u!114 &5383912026822235735
MonoBehaviour:
  m_ObjectHideFlags: 0
  m_CorrespondingSourceObject: {fileID: 0}
  m_PrefabInstance: {fileID: 0}
  m_PrefabAsset: {fileID: 0}
  m_GameObject: {fileID: 5383912026822235728}
  m_Enabled: 1
  m_EditorHideFlags: 0
  m_Script: {fileID: 11500000, guid: b93b6a877adcbf94c89a9d6e0c0e844d, type: 3}
  m_Name: 
  m_EditorClassIdentifier: 
  activateActionSetOnAttach:
    actionSetPath: /actions/default
  hideHandOnAttach: 0
  hideSkeletonOnAttach: 0
  hideControllerOnAttach: 0
  handAnimationOnPickup: 0
  setRangeOfMotionOnPickup: -1
  useHandObjectAttachmentPoint: 1
  attachEaseIn: 0
  snapAttachEaseInCurve:
    serializedVersion: 2
    m_Curve:
    - serializedVersion: 3
      time: 0
      value: 0
      inSlope: 0
      outSlope: 0
      tangentMode: 0
      weightedMode: 0
      inWeight: 0
      outWeight: 0
    - serializedVersion: 3
      time: 1
      value: 1
      inSlope: 0
      outSlope: 0
      tangentMode: 0
      weightedMode: 0
      inWeight: 0
      outWeight: 0
    m_PreInfinity: 2
    m_PostInfinity: 2
    m_RotationOrder: 4
  snapAttachEaseInTime: 0.15
  snapAttachEaseInCompleted: 0
  skeletonPoser: {fileID: 0}
  handFollowTransform: 1
  highlightOnHover: 1
  hideHighlight: []
  hoverPriority: 0
--- !u!135 &5383912026822235729
SphereCollider:
  m_ObjectHideFlags: 0
  m_CorrespondingSourceObject: {fileID: 0}
  m_PrefabInstance: {fileID: 0}
  m_PrefabAsset: {fileID: 0}
  m_GameObject: {fileID: 5383912026822235728}
  m_Material: {fileID: 0}
  m_IsTrigger: 1
  m_Enabled: 1
  serializedVersion: 2
  m_Radius: 0.002
  m_Center: {x: 0, y: 0, z: 0}
--- !u!114 &5383912026822235734
MonoBehaviour:
  m_ObjectHideFlags: 0
  m_CorrespondingSourceObject: {fileID: 0}
  m_PrefabInstance: {fileID: 0}
  m_PrefabAsset: {fileID: 0}
  m_GameObject: {fileID: 5383912026822235728}
  m_Enabled: 1
  m_EditorHideFlags: 0
  m_Script: {fileID: 11500000, guid: b954a1ccdac7e3c49a03313dabaa1bf7, type: 3}
  m_Name: 
  m_EditorClassIdentifier: 
  _itemPackage: {fileID: 730142770633686405, guid: 3a9e07bcd4c6b8d4fab4b63cd49f175a,
    type: 3}
  useItemPackagePreview: 0
  requireGrabActionToTake: 1
  requireReleaseActionToReturn: 0
  showTriggerHint: 0
  attachmentFlags: 47
  takeBackItem: 0
  acceptDifferentItems: 0
  pickupEvent:
    m_PersistentCalls:
      m_Calls: []
  dropEvent:
    m_PersistentCalls:
      m_Calls: []
  justPickedUpItem: 0
--- !u!1001 &4048339381118156010
PrefabInstance:
  m_ObjectHideFlags: 0
  serializedVersion: 2
  m_Modification:
    m_TransformParent: {fileID: 5383912026822235732}
    m_Modifications:
    - target: {fileID: 4899622164873373737, guid: 4a10122521a4b16418760274925e2b93,
        type: 3}
      propertyPath: shadowMapRenderTexture
      value: 
      objectReference: {fileID: 0}
    - target: {fileID: 5697669203640117349, guid: 4a10122521a4b16418760274925e2b93,
        type: 3}
      propertyPath: m_LocalPosition.x
      value: 0
      objectReference: {fileID: 0}
    - target: {fileID: 5697669203640117349, guid: 4a10122521a4b16418760274925e2b93,
        type: 3}
      propertyPath: m_LocalPosition.y
      value: 0
      objectReference: {fileID: 0}
    - target: {fileID: 5697669203640117349, guid: 4a10122521a4b16418760274925e2b93,
        type: 3}
      propertyPath: m_LocalPosition.z
      value: 0
      objectReference: {fileID: 0}
    - target: {fileID: 5697669203640117349, guid: 4a10122521a4b16418760274925e2b93,
        type: 3}
      propertyPath: m_LocalRotation.x
      value: -0.7071068
      objectReference: {fileID: 0}
    - target: {fileID: 5697669203640117349, guid: 4a10122521a4b16418760274925e2b93,
        type: 3}
      propertyPath: m_LocalRotation.y
      value: 0
      objectReference: {fileID: 0}
    - target: {fileID: 5697669203640117349, guid: 4a10122521a4b16418760274925e2b93,
        type: 3}
      propertyPath: m_LocalRotation.z
      value: 0
      objectReference: {fileID: 0}
    - target: {fileID: 5697669203640117349, guid: 4a10122521a4b16418760274925e2b93,
        type: 3}
      propertyPath: m_LocalRotation.w
      value: 0.7071068
      objectReference: {fileID: 0}
    - target: {fileID: 5697669203640117349, guid: 4a10122521a4b16418760274925e2b93,
        type: 3}
      propertyPath: m_RootOrder
      value: 0
      objectReference: {fileID: 0}
    - target: {fileID: 5697669203640117349, guid: 4a10122521a4b16418760274925e2b93,
        type: 3}
      propertyPath: m_LocalEulerAnglesHint.x
      value: -90
      objectReference: {fileID: 0}
    - target: {fileID: 5697669203640117349, guid: 4a10122521a4b16418760274925e2b93,
        type: 3}
      propertyPath: m_LocalEulerAnglesHint.y
      value: 0
      objectReference: {fileID: 0}
    - target: {fileID: 5697669203640117349, guid: 4a10122521a4b16418760274925e2b93,
        type: 3}
      propertyPath: m_LocalEulerAnglesHint.z
      value: 0
      objectReference: {fileID: 0}
    - target: {fileID: 8739646487219149430, guid: 4a10122521a4b16418760274925e2b93,
        type: 3}
      propertyPath: m_Name
      value: Sword Visual
      objectReference: {fileID: 0}
    m_RemovedComponents: []
  m_SourcePrefab: {fileID: 100100000, guid: 4a10122521a4b16418760274925e2b93, type: 3}
--- !u!4 &8591945340387808399 stripped
Transform:
  m_CorrespondingSourceObject: {fileID: 5697669203640117349, guid: 4a10122521a4b16418760274925e2b93,
    type: 3}
  m_PrefabInstance: {fileID: 4048339381118156010}
  m_PrefabAsset: {fileID: 0}
